3832 6114
162 240 216 295 sot
572 236 602 293 S.
621 236 797 293 btbttstttt
815 235 958 293 obslttltt
980 234 1069 291 ratts
1088 234 1132 291 ΙΙΙ.
1152 264 1187 279 -
1206 235 1377 292 ruebant.
1735 239 1787 297 dil

161 354 237 408 ‘lunc
252 350 330 407 simul
345 352 371 407 in
385 351 502 408 latebras
512 350 654 409 trudantur
663 355 782 410 narreris
796 363 880 409 atras.
939 363 948 378 ·
964 353 989 411 tt
1003 349 1130 417 Sorrolida
1142 352 1241 408 deserti
1258 367 1403 421 procurans
1416 350 1509 421 iupus
1523 350 1605 406 ruris.

160 443 218 509 ban
232 441 416 497 damnatorum
431 450 590 510 putrescens
605 442 672 498 lurte
686 441 802 499 cadauer
890 490 900 503 ,

160 533 284 601 Turpiter
297 531 428 588 introrsus
441 533 551 588 bulliret
565 534 702 588 vermibus
716 535 782 587 atris
794 550 801 598 ;

161 622 214 679 Sed
226 633 314 678 tameu
328 622 463 678 insontum
475 624 647 690 complentur
658 634 766 680 nectare
781 639 871 688 nares,

161 714 292 772 ottanum
306 716 454 771 Ambrosie
468 715 604 785 spirantes
619 715 688 773 iorte
699 731 856 786 supernum.

161 805 216 859 lloc
230 806 297 861 lucis
311 806 393 862 radiis
407 807 530 876 linquens
544 807 679 878 ergastula
692 807 785 871 cessit,

154 897 283 965 ‚timptda
297 898 344 955 ted
361 899 485 954 tenebras
499 901 626 955 arcebant
637 900 736 955 lumina
751 901 850 967 inurunt,

161 985 207 1042 Sic
219 988 290 1043 lleus
304 990 330 1043 in
344 989 445 1046 sanctis
455 989 525 1044 alma
536 990 638 1046 uirtute
652 990 806 1060 triumphat.

162 1081 231 1136 'irim
243 1090 334 1137 custos
347 1096 461 1139 cemeut
472 1099 563 1140 rerum
577 1085 703 1141 miracula
718 1094 790 1140 tauta

160 1173 280 1228 Credidit
291 1173 473 1229 Altitbrooum
487 1178 634 1230 salvantem
647 1178 743 1231 sucula
760 1192 861 1250 regem,

160 1262 325 1332 baptismum
341 1272 435 1320 nactus
444 1264 559 1334 stipatur
573 1265 658 1321 milite
672 1266 768 1335 denso,

159 1352 211 1418 Qui
227 1353 300 1422 prius
314 1354 441 1410 escoblat
453 1356 578 1411 servabat
587 1355 703 1411 carceris
715 1358 777 1414 atri.

160 1443 276 1514 imperat
287 1445 388 1501 interea
404 1446 543 1501 multatum
557 1455 643 1502 morte
658 1447 772 1504 cadarer

159 1536 276 1606 Surgere
288 1537 322 1593 de
336 1538 429 1608 nigris,
444 1539 534 1593 anima
549 1540 691 1604 redeunte,
708 1539 829 1606 latebris,

159 1629 236 1694 Quod
253 1630 325 1694 prius
336 1629 484 1685 obvolvens
496 1631 656 1686 constrinxit
669 1631 751 1686 lasela
766 1648 837 1690 nean
850 1651 858 1690 ι

160 1718 279 1774 ilortuus
292 1718 401 1791 evigilat
409 1719 580 1788 disrumpens
595 1730 694 1776 tartara
707 1725 789 1777 tetra!

159 1807 235 1864 Turre
250 1808 373 1877 precibus
386 1817 481 1865 turmae
496 1820 572 1864 vasto
585 1813 719 1879 crepitant
734 1812 861 1880 tumultu,

159 1898 305 1955 ilurtantur
318 1899 444 1969 juvenem
458 1914 522 1954 vero
531 1897 695 1968 depromere
709 1900 765 1958 lattt

159 1988 279 2056 orraliter
292 1990 426 2044 exartimis
439 1989 522 2044 lurore
536 1991 668 2046 vestibula
681 1992 765 2048 salure

160 2078 314 2150 lnlcruique
325 2081 416 2151 nigras
429 2089 522 2152 posset
535 2094 676 2151 penetrare
690 2083 816 2150 latebras,

160 2172 196 2228 Et
209 2164 345 2228 redivivus
360 2174 422 2228 item
437 2173 622 2243 splendentem
637 2190 750 2233 cernere
764 2179 860 2235 solem.

160 2263 252 2321 Edidit
263 2263 398 2332 extempio
413 2264 478 2322 letbi
491 2265 599 2323 decreta
610 2282 765 2339 resurgens,

160 2353 313 2411 Positumus
326 2355 445 2424 angelica
461 2356 578 2425 prodens
592 2358 716 2430 sullragia
732 2360 826 2416 turbis.

196 2447 236 2503 liu
248 2449 344 2503 iterum
358 2448 455 2512 sancti,
469 2449 578 2520 stropba
593 2451 746 2507 stimulante
758 2453 893 2524 dracouis,

160 2537 291 2610 llartyres
305 2540 331 2595 iu
344 2554 428 2610 cupas
442 2550 598 2611 merguntur
611 2542 704 2601 innuite
718 2545 814 2612 larus,

159 2628 189 2684 lu
204 2629 300 2699 quibus
313 2637 370 2684 atra
384 2630 450 2701 picis
464 2644 552 2686 massa
567 2633 724 2703 llagrarerat
735 2635 843 2702 ardeus,

160 2718 215 2775 Nec
228 2736 280 2774 uon
295 2721 455 2791 sulpbureas
469 2731 577 2779 ructant
592 2726 711 2781 incendia
727 2727 859 2797 dammas,

161 2811 194 2868 lit
209 2823 405 2868 sarmentorum
418 2816 580 2872 comburunt
595 2819 688 2886 pabula
707 2822 776 2891 pagi,

161 2904 249 2961 bouec
264 2905 290 2960 in
305 2907 431 2962 retberias
445 2907 550 2962 llamma
566 2921 752 2979 prorumperet
762 2928 834 2971 oras.

160 2995 212 3051 Sed
227 3006 316 3053 tamen
331 2997 450 3052 insontes
461 2997 560 3055 Christi
578 3001 702 3074 sutfragia
719 3005 831 3074 vallent,

160 3085 238 3143 Licls
246 3095 309 3142 tuuc
320 3087 417 3159 digitos
429 3089 491 3145 oleo
502 3091 636 3148 madentia
648 3104 769 3161 nectunt,

160 3180 211 3250 Qui
225 3195 287 3235 mox
302 3179 371 3252 iguis
385 3182 452 3239 edax
463 3182 578 3241 dammis
590 3186 740 3245 combussit
752 3190 867 3258 acerbis,

160 3272 219 3328 lion
236 3281 322 3328 tamen
334 3273 439 3329 exussit
448 3286 603 3333 sanctorum
618 3287 690 3335 torre
706 3281 828 3338 lacertos.

161 3363 201 3420 Eu
216 3363 310 3418 iterum
323 3377 422 3435 gypsus
436 3367 517 3436 spiris
531 3367 636 3425 sinuata
651 3371 786 3442 malignis,

161 3454 264 3510 serata
279 3453 414 3525 pestiferis
428 3456 534 3514 extollit
546 3459 617 3515 eolla
628 3462 758 3516 reuersis:

161 3545 290 3618 llartyres
302 3546 336 3601 ad
351 3548 484 3604 theatrum
497 3551 639 3607 truduntur
653 3565 725 3611 reste
742 3555 826 3626 ligati,

161 3634 283 3693 llictibus
296 3645 326 3693 ut
337 3639 433 3694 rodant
444 3649 598 3695 sauctorum
614 3644 735 3700 membra
749 3645 850 3712 leones,

162 3726 271 3783 Necnon
287 3729 455 3785 mandibulas
468 3746 590 3787 ursorrtm
606 3731 676 3790 lerre
687 3746 813 3791 cruentas

162 3815 277 3890 (legeret
292 3820 412 3877 insontes
429 3828 560 3879 tortorum
576 3839 655 3892 prena
671 3827 796 3884 lacertos.

164 3907 216 3964 Sed
229 3923 307 3964 secum
317 3912 408 3964 creuit
422 3913 522 3966 sanctis
537 3915 648 3970 uictoria
663 3918 777 3986 palmae:

164 3997 254 4054 liestia
270 4008 424 4054 sanctorum
435 3999 517 4054 labris
532 4003 641 4070 vestigia
656 4004 743 4069 linxit,

163 4088 326 4160 Obsequium
338 4090 470 4158 prebens,
485 4091 589 4159 predas
600 4091 681 4145 oblita
695 4101 827 4149 recentes.

166 4179 222 4244 Sic,
235 4188 355 4235 ututaole
369 4180 436 4247 beo,
453 4179 596 4234 utilessttut
608 4179 689 4236 corda
703 4179 829 4245 letarum,

164 4271 290 4338 Quamuis
304 4269 446 4324 stultorum
461 4279 615 4339 torpescant
629 4272 709 4327 corda
722 4273 853 4327 virorum.

164 4357 200 4413 ttr
212 4358 345 4427 quondum
359 4367 434 4414 rates
447 4359 505 4414 cola
515 4375 577 4442 curu
591 4373 725 4417 commate
739 4366 880 4432 prompsit,

165 4448 308 4504 Edidirere
324 4460 412 4504 truces
427 4451 542 4520 prodam
557 4466 666 4507 servare
680 4451 781 4507 leones.

165 4541 229 4597 Post
245 4542 302 4596 bac
312 4544 433 4614 martyrii
450 4556 602 4598 mercamur
612 4553 684 4600 serta
697 4553 820 4611 cruento,

165 4632 263 4689 lucida
278 4633 406 4702 stelligeri
422 4633 583 4689 scandentes
594 4636 711 4689 oulruioa
727 4633 799 4695 coeli,

168 4723 208 4778 bd
221 4739 333 4792 quorum
350 4724 455 4779 turrabas
467 4724 564 4793 gelidae
578 4734 637 4794 post
650 4725 741 4779 lunera
757 4724 852 4780 mortis

100 4850 104 4859 ·
167 4815 288 4884 Corpore
303 4814 402 4870 calloso
416 4815 480 4869 dein
495 4831 593 4870 uenere
607 4816 715 4884 leprosi.

167 4905 219 4973 eri
233 4906 311 4961 siurul
322 4905 348 4962 io
364 4921 441 4962 sacro
456 4906 577 4975 baptismi
592 4908 695 4978 gurgite
711 4908 802 4975 mersi,

168 4995 284 5066 Spiritus
297 5009 323 5053 et
334 5001 424 5055 carruis
436 5010 608 5070 sumpserunt
621 5001 703 5056 corde
718 5001 860 5056 medelam.

205 5088 321 5157 Aurtiquo
334 5088 419 5145 luerat
432 5088 552 5147 lamneus
567 5102 686 5161 tempore
698 5093 806 5164 quidam

168 5177 301 5249 Legitima
314 5180 422 5234 cbristo
436 5181 566 5239 lamulaos
577 5188 736 5242 vernaculus
748 5191 812 5256 alto,

169 5271 253 5337 Quem
268 5269 359 5340 penult
374 5272 473 5326 muodo
484 5275 588 5329 clarum
601 5276 714 5333 Nilotica
729 5278 818 5347 tellus,

169 5357 251 5414 Sacra
268 5359 424 5429 pudicorum
439 5372 604 5431 quaerentem
622 5368 696 5421 lucra
709 5368 837 5436 virorum,

168 5450 253 5516 Queua
268 5463 343 5506 trient
357 5451 488 5525 AEgyptos
503 5454 604 5509 crebris
619 5458 769 5512 rumoribus
783 5460 875 5516 Amos.

169 5539 289 5597 Plurima
303 5547 345 5600 bic
358 5548 441 5613 gessit
456 5547 585 5602 uirtutum
599 5547 672 5618 sigua
684 5548 820 5615 sacerdos,

169 5629 282 5698 Quibit
296 5636 322 5689 in
338 5636 429 5694 Nitriae
441 5635 576 5695 frondosis
589 5638 679 5694 accola
694 5639 792 5705 duratis,

1005 438 1053 494 llic
1068 440 1140 495 lorus
1152 456 1183 496 ex
1198 441 1273 495 Nitro
1284 441 1393 495 sortitur
1404 441 1488 497 Nitrias
1503 455 1612 496 tromen.

1003 530 1128 587 Creditur
1142 533 1274 590 interdum
1286 535 1356 605 quod
1370 550 1468 590 nomen
1483 535 1580 589 secula
1591 551 1606 607 g
1617 543 1713 604 fluunt.

1005 623 1090 678 (bursa
1105 623 1231 691 lortuoae,
1247 625 1269 680 si
1284 624 1326 680 bis
1340 625 1476 681 conludere
1488 626 1527 682 ias
1540 634 1592 692 est,

1003 710 1033 768 Si
1048 712 1104 767 lors
1117 725 1163 769 aut
1178 714 1273 780 latum,
1288 730 1336 770 seu
1345 715 1515 772 constellatio
1526 717 1670 786 quidquam
1683 724 1736 784 etl,
1825 749 1829 755 ·

1002 801 1031 858 Si
1045 818 1130 874 parra
1144 805 1208 861 nulli
1224 816 1364 875 parcentes
1380 806 1424 860 llla
1437 806 1596 877 gubernant,

1003 894 1108 949 liortali
1124 897 1185 951 ritae
1199 895 1311 964 lusaqoe
1325 906 1431 951 rotante
1445 897 1593 962 minantur,

1001 986 1077 1053 Quoad
1092 987 1166 1042 rebit
1177 987 1204 1042 iu
1220 988 1290 1043 rollo
1302 988 1380 1043 tereti
1396 987 1528 1056 uertigine
1538 986 1648 1043 molem.

1002 1078 1054 1134 Sed
1070 1079 1154 1150 magis
1167 1079 1295 1143 arbitror,
1308 1079 1380 1149 quod
1395 1082 1434 1136 sic
1448 1087 1536 1135 errata
1552 1094 1660 1135 reorum

1001 1167 1084 1223 Nitria
1101 1172 1234 1240 purgauit,
1246 1172 1314 1225 sicut
1330 1171 1488 1239 corpuscula
1502 1172 1573 1226 nitro

1001 1259 1131 1316 Sardibus
1146 1271 1289 1330 expurgata
1303 1262 1390 1329 malis,
1402 1272 1429 1316 ct
1440 1265 1492 1318 lota
1502 1265 1648 1318 nitescunt.

1002 1351 1050 1406 llic
1066 1352 1199 1420 quotidem
1213 1350 1325 1408 odendit
1339 1349 1487 1422 turgentem
1503 1363 1623 1423 lerrtpore
1636 1354 1738 1425 ditum,

1001 1444 1052 1511 Qui
1067 1444 1180 1500 leruuda
1194 1446 1261 1517 rigat
1273 1445 1377 1503 bustris
1392 1447 1561 1517 Hempbitica
1578 1463 1670 1518 regua.

1000 1535 1067 1590 liam
1083 1537 1198 1591 transire
1212 1536 1307 1591 rolens
1319 1543 1409 1607 optata
1423 1535 1503 1591 lintre
1516 1537 1644 1592 carebat:

1003 1622 1056 1678 Sed
1070 1623 1186 1692 spoliare
1200 1634 1272 1679 retat
1285 1637 1395 1680 carne·
1408 1625 1566 1681 uerecundia
1581 1625 1684 1692 bootis,

962 1702 987 1765 B
1001 1716 1121 1787 corpore
1135 1732 1168 1772 ue
1183 1715 1255 1771 nudo
1266 1725 1411 1773 temeraret
1421 1716 1482 1786 iura
1496 1716 1614 1786 pudoris.

999 1805 1068 1860 'lusu
1081 1805 1154 1860 dicto
1164 1807 1245 1861 citius
1257 1814 1412 1877 spumantes
1425 1806 1516 1861 littore
1530 1805 1653 1876 lympnas

1000 1895 1130 1966 Peuttiper
1143 1904 1173 1952 ut
1185 1911 1286 1967 propes
1297 1899 1455 1952 transfertur
1466 1897 1571 1952 caelitus
1586 1898 1666 1971 ultra,

999 1984 1110 2042 Pisciler
1124 1996 1153 2041 ut
1166 1986 1266 2042 dudunt
1282 1988 1410 2043 momenti
1426 1995 1546 2056 tempore
1560 1998 1634 2043 rates

1000 2074 1127 2146 bugellco
1137 2086 1218 2146 raptu
1233 2077 1361 2132 lustrabat
1374 2076 1491 2134 cbatdea
1507 2093 1601 2149 regua.
1745 2153 1750 2162 ι

1001 2169 1036 2225 Ut
1049 2185 1157 2225 vernam
1176 2169 1279 2225 bouriui
1299 2171 1433 2227 nutrirent
1446 2172 1566 2227 crustula
1581 2171 1669 2228 larris.

1001 2259 1070 2315 Ecce
1086 2277 1151 2330 puer
1165 2263 1271 2331 quidam
1288 2262 1419 2317 laceratus
1434 2263 1515 2319 deute
1530 2265 1650 2328 molossi,

1001 2353 1089 2421 litque
1103 2363 1236 2408 renouato
1253 2368 1395 2423 perpessus
1406 2355 1515 2410 ruloera
1531 2357 1610 2422 rictu.

1000 2439 1124 2496 i'crtitur
1135 2443 1161 2496 iu
1176 2443 1278 2497 rabiem
1294 2442 1433 2500 lraudatut
1447 2455 1536 2501 utente
1548 2446 1648 2518 sagaci,

1001 2527 1098 2585 Ferrea
1111 2546 1190 2600 quem
1204 2535 1306 2589 strictis
1321 2537 1464 2591 nectebant
1477 2537 1563 2592 vinela
1578 2537 1692 2600 catenis,

1001 2619 1150 2678 Baccbatur
1163 2625 1291 2695 quoniam
1305 2627 1473 2699 vagabundis
1486 2631 1610 2699 passibus
1622 2645 1726 2687 aneas.

1002 2710 1104 2771 idcirco
1119 2717 1200 2786 prolis
1211 2719 1340 2774 luserant
1354 2718 1409 2775 iata
1424 2731 1559 2790 parentes,

1001 2807 1038 2865 Et
1050 2811 1201 2866 ueneranda
1215 2822 1312 2882 petunt
1322 2814 1418 2870 lleotes
1430 2815 1538 2870 oracula
1552 2816 1649 2884 sancti,

1001 2899 1037 2958 ttr
1049 2902 1140 2958 miseri
1154 2901 1269 2970 cladem,
1281 2916 1310 2960 et
1322 2904 1417 2960 uulnus
1432 2914 1538 2961 sanaret
1551 2906 1687 2962 acerbum.

1002 2989 1088 3060 Quem
1100 2992 1222 3048 consulta
1236 2993 1325 3049 lerunt
1337 2995 1384 3050 tali
1396 3009 1456 3050 curu
1471 3010 1538 3052 voce
1549 2996 1666 3052 dedisse.

964 3072 989 3139 C
1003 3080 1119 3138 Reddite
1133 3098 1203 3139 truuc
1216 3084 1304 3140 vidue
1315 3085 1448 3141 sublatum
1463 3086 1557 3143 iraude
1567 3087 1725 3158 juvencum,

1003 3170 1039 3226 Et
1049 3184 1145 3242 sospes
1159 3172 1266 3229 soboles
1276 3174 1353 3229 tobis
1366 3177 1508 3233 comitatur
1518 3181 1642 3236 amanda.

1000 3261 1052 3319 0ttt
1065 3263 1197 3319 mirantur
1208 3265 1279 3335 quod
1294 3273 1387 3322 nosset
1400 3266 1520 3322 dancula
1535 3269 1612 3338 lurra,

1001 3352 1067 3423 Quae
1080 3352 1154 3424 prius
1163 3354 1296 3411 obstrusis
1309 3356 1455 3413 credebaut
1463 3366 1538 3427 gesta
1551 3359 1661 3416 latebris
1674 3378 1682 3415 ε

1002 3444 1070 3501 'l'um
1082 3446 1187 3516 genitor
1198 3446 1317 3515 gaudeus
1330 3459 1466 3517 gratamur
1479 3448 1579 3518 sospite
1593 3460 1666 3515 nato,

1002 3536 1125 3590 Actutum
1139 3536 1219 3591 saris
1238 3535 1353 3593 reddens
1378 3535 1467 3604 ittae,
1482 3537 1607 3610 reddunt]
1629 3539 1733 3609 direpta
1748 3557 1792 3597 aa·

1663 3630 1755 3704 [pistis.

1003 3712 1048 3771 Sic
1062 3714 1119 3773 lons
1132 3715 1232 3782 creole,
1247 3733 1329 3776 verax
1343 3728 1449 3777 atroce
1462 3722 1616 3791 spopondit,

883 3821 886 3824 ’
1003 3805 1137 3879 Tempore
1150 3824 1213 3865 mox
1226 3810 1278 3866 alio
1290 3810 1391 3868 dolium
1402 3812 1508 3870 delerre
1522 3815 1655 3885 poposcit,

1004 3898 1080 3965 Quod
1096 3900 1148 3956 duo
1164 3910 1308 3972 voverunt,
1323 3905 1392 3958 alter
1402 3905 1450 3959 ted
1460 3912 1520 3959 tota
1537 3895 1641 3960 lelellit.

1004 3991 1108 4049 idcirco
1121 3993 1207 4064 gelida
1220 3995 1397 4052 constrictum
1409 4008 1497 4052 morte
1510 3997 1643 4052 camelum

1006 4083 1140 4140 l‘erdebat
1153 4086 1274 4153 gibbum,
1290 4100 1344 4155 quo
1357 4087 1461 4140 vascula
1472 4083 1544 4141 terre
1557 4087 1685 4156 pepercit,

1005 4175 1113 4242 Sospite
1124 4177 1269 4244 perfruitur
1282 4177 1329 4230 sed
1344 4191 1424 4230 verax
1445 4177 1512 4232 alter
1524 4179 1619 4243 asello,

1006 4264 1064 4331 Qtro
1079 4265 1208 4332 promissa
1224 4266 1281 4320 serti
1295 4266 1439 4336 compleris
1454 4279 1514 4322 rota
1529 4268 1670 4341 benignius.

1006 4345 1082 4411 lluuc
1097 4355 1163 4411 uidit
1174 4356 1237 4413 ierrl
1249 4357 1313 4413 lelix
1330 4359 1461 4416 brrwuius
1475 4361 1550 4425 oliui,

1006 4448 1152 4520 Lingucret
1164 4452 1288 4521 egregius
1301 4468 1361 4507 cum
1377 4454 1463 4509 caruis
1476 4453 1579 4510 rirrcula
1594 4457 1680 4523 miles,

1008 4540 1147 4609 Angelicis
1164 4541 1259 4596 trrruris
1272 4542 1305 4596 ad
1320 4543 1381 4597 coeli
1397 4544 1484 4599 sidera
1501 4555 1618 4612 scotum,

1006 4629 1174 4700 l‘ulcbraque
1190 4641 1326 4700 perpetuae
1341 4646 1527 4702 penetrantem
1545 4636 1637 4694 liutius
1652 4639 1723 4695 ritae.

1042 4722 1174 4793 Tetrapore
1185 4722 1240 4796 jaro
1255 4726 1344 4790 prisco
1358 4727 1409 4781 luit
1421 4728 1577 4796 Apollonius
1589 4731 1685 4787 almus.

1009 4813 1099 4870 Edidit
1112 4818 1181 4870 btruc
1198 4817 1281 4884 signis
1295 4817 1398 4872 clarum
1417 4819 1527 4872 Nilotica
1544 4821 1631 4885 tellus,

1009 4904 1058 4961 llic
1070 4916 1129 4960 erat
1142 4907 1167 4959 iu
1181 4907 1311 4975 rpuadrum
1327 4909 1450 4978 vulgatus
1472 4910 1592 4965 laudibus
1607 4912 1712 4977 orltcm,

1010 4996 1135 5052 l‘raebeus
1149 4997 1299 5057 exemplum
1313 4999 1467 5066 qraiogeutis
1485 5002 1611 5056 iratribus
1624 5018 1744 5072 autrum,

1007 5087 1041 5144 tit
1055 5086 1201 5158 pubertatis
1213 5088 1348 5143 desertruu
1367 5099 1493 5159 tempore
1503 5096 1609 5161 querit.

1006 5179 1072 5234 Nam
1089 5190 1129 5235 ter
1142 5179 1322 5249 quinquennis
1337 5186 1464 5238 rnortules
1479 5184 1581 5253 eulogit
1596 5186 1684 5240 ultro.

1010 5270 1057 5325 llic
1069 5280 1163 5325 octena
1178 5271 1257 5326 siruul
1269 5287 1434 5330 conversans
1449 5276 1530 5330 lustra
1544 5279 1654 5348 peregit.

1009 5360 1116 5416 Ceratics
1130 5377 1244 5417 exuraus
1255 5364 1392 5421 nocturnis
1404 5366 1488 5421 serore
1500 5367 1619 5430 latebris,

1010 5452 1043 5506 dr
1058 5454 1167 5508 totidem
1183 5454 1284 5510 vicibus
1296 5458 1334 5509 sic
1349 5456 1432 5525 pessit
1445 5456 1514 5513 lorte
1528 5459 1641 5514 diurnis.

1010 5546 1045 5602 lit
1057 5549 1168 5618 pertibus
1179 5549 1267 5615 llexis,
1280 5559 1306 5604 et
1320 5564 1404 5605 curro
1419 5552 1519 5620 poplite
1534 5553 1640 5610 Patrem

1009 5639 1130 5697 Cerouus
1143 5653 1233 5700 oraret
1247 5644 1328 5702 iretus
1344 5643 1442 5713 pietate
1453 5645 1593 5702 Tonantis.
