3832 6114
146 349 183 418 ιι
247 405 261 417 .
570 353 599 410 s.
620 348 839 423 lantrannus.
860 348 1178 417 sotttnenunnsssts
1194 353 1391 413 animosus.
1616 312 1618 317 ’
1743 353 1778 415 at

148 477 207 522 ttrm
222 461 420 530 archipraesule,
435 461 493 516 rito
513 460 702 516 ecclesiasticis
715 461 796 518 rebus
820 461 936 530 valente,
949 462 978 525 Α
989 463 1072 518 sarneii
1088 464 1208 534 corporis
1222 463 1302 520 ambo
1323 464 1434 521 abbates
1461 463 1558 524 titrtore
1585 467 1658 537 pictai
1680 484 1779 531 serere

148 559 336 624 bonorumque
352 565 456 608 morum
466 551 605 608 ιοιιιιιιιι
616 552 695 624 iunge
707 553 833 623 praeitor
845 551 937 608 delun·
987 553 1127 608 tumulum.
1139 553 1204 608 Cum
1219 553 1315 623 qulbus
1335 553 1388 608 duo
1401 552 1508 622 iratres,
1524 555 1569 626 qui
1579 557 1620 612 eis
1629 557 1661 612 ad
1684 559 1777 617 lerato-

148 643 724 718 etnsqnewannoseptingentesimononm
735 643 780 714 qtri
790 643 937 699 seeundum
987 642 1049 698 dum
1063 644 1176 713 lapidem
1191 644 1332 716 praebuere
1343 644 1470 702 auxilium
1483 662 1492 712 l
1506 661 1620 718 quarunt
1632 649 1702 705 alter
1721 651 1779 708 liu·

151 734 221 794 bane
248 735 462 807 supputationem
489 735 624 802 coniuncti
651 735 750 790 inerint
763 735 937 804 quadraginta
987 733 1079 788 bertus
1090 734 1208 802 nomine,
1221 735 1261 788 ιιι
1272 742 1300 790 ιι
1313 734 1357 790 ilie
1368 734 1442 790 titire
1456 736 1601 804 patientta,
1616 740 1661 808 qul
1678 738 1779 811 luipo·

147 838 176 888 et
186 841 251 896 tres,
267 843 299 886 cs
313 827 410 898 quibus
431 835 545 897 quatuor
557 826 828 895 irreprehensibiliter
839 825 866 882 itt
879 827 937 896 epi·
987 822 1139 894 biscopius
1152 823 1223 878 idem
1237 817 1340 896 retulit)
1355 825 1493 896 cniusdam
1505 826 1668 884 lnilrmitatis
1680 839 1777 899 grara-

149 919 325 990 toopiorisis,
335 919 405 973 sicut
414 932 496 987 spra
505 917 785 988 dietnmest;reliquis
796 918 822 972 in
833 916 938 973 abbatis
985 911 1065 967 batur
1088 912 1215 982 pondere,
1229 913 1319 968 statim
1342 922 1372 968 ut
1383 914 1469 970 sensit
1480 918 1633 972 sanctarum
1648 917 1778 989 retinnia-

148 1014 251 1066 tsuturu
273 1008 378 1077 ordine,
392 1022 446 1063 non
474 1016 563 1063 tamen
586 1007 664 1063 unius
687 1015 789 1062 tantum
813 1007 936 1074 abbatia,
988 1015 1046 1056 rum
1060 1000 1284 1073 fragrantiamin
1304 1011 1447 1060 terracum
1463 1005 1570 1062 caeteris
1593 1006 1653 1063 lixis
1667 1008 1779 1078 genibus

146 1099 355 1158 nonnullarum
380 1098 506 1168 imaginor
519 1099 630 1153 exstitit.
649 1097 787 1152 Praecessit
813 1096 936 1167 equidem
988 1089 1036 1146 Dei
1050 1091 1241 1160 omnipotentis
1252 1091 1368 1148 laudarit
1389 1094 1571 1162 clementiam,
1586 1111 1646 1167 que
1661 1098 1700 1156 sic
1721 1113 1781 1159 sert·

147 1191 226 1250 istius
238 1190 265 1245 in
277 1189 385 1244 cbristo
397 1187 599 1244 archiantistitis
609 1186 738 1241 bassiani
749 1187 851 1241 obitum
860 1186 938 1242 annis
986 1188 1046 1234 ctos
1057 1195 1121 1237 ⁸⁰0⁸
1130 1180 1297 1251 glorliiearit,
1306 1192 1336 1239 ¹¹1
1346 1191 1375 1241 el
1388 1186 1415 1241 iu
1429 1188 1498 1243 coeio
1509 1202 1524 1242 a
1535 1189 1688 1246 concivibus
1697 1206 1777 1263 ange·

148 1282 269 1338 ,pmggg
280 1280 446 1349 „92³2ng
457 1293 564 1344 amm,
581 1287 609 1334 gg
622 1291 770 1348 pamm„
781 1277 853 1334 intpp,
862 1293 939 1335 rm.
987 1268 1047 1326 licis
1059 1268 1248 1340 spiritibus,'et
1259 1271 1461 1333 intermortaies
1476 1278 1642 1336 ltonorentur
1654 1297 1777 1354 corpora.

147 1369 240 1429 mg„
250 1369 368 1437 ,eliquia
379 1370 406 1423 tp
418 1370 477 1425 1000
489 1369 533 1424 unt
544 1383 559 1423 ῃ
569 1369 704 1443 omnm
712 1366 821 1423 speram
833 1368 937 1438 postus,
987 1358 1037 1426 Qui
1050 1368 1108 1429 post
1120 1360 1250 1417 orationis
1260 1361 1414 1419 instantiam
1426 1373 1456 1421 ut
1467 1371 1670 1438 surrexit,bone
1682 1388 1779 1434 sanum
1812 1383 1814 1386 ’

106 1470 111 1477 ·
145 1471 209 1529 pm
233 1459 354 1531 pjfflpem
390 1460 601 1528 semipagana,
629 1461 837 1531 migrationem,
863 1461 938 1517 snut,
987 1450 1124 1516 sasernis,
1148 1451 1563 1526 sicutnobissaepiusdlxit,et,
1584 1463 1697 1532 nosipsi
1719 1479 1779 1523 cunt

144 1554 696 1625 nonsummum,sanderetevagi1100
717 1553 833 1626 dentque
859 1555 938 1612 modo
987 1543 1078 1600 ntuitis
1093 1543 1279 1611 testificamur,
1295 1547 1341 1617 qni
1366 1562 1430 1604 eum.
1451 1550 1516 1608 selis
1543 1550 1679 1609 inilrmttm
1706 1557 1780 1626 prius

144 1641 271 1705 emimus.
988 1650 1158 1692 innueramus.
1169 1638 1286 1693 dbbates
1295 1650 1384 1697 autem
1396 1641 1561 1700 recluserunt
1572 1645 1780 1720 sarcophagum,

183 1737 300 1793 praesag
319 1739 454 1795 tngopgm
468 1737 689 1796 coepobtogptgg
713 1736 851 1807 warinus,
880 1741 938 1810 plu.
988 1734 1016 1780 ct
1029 1727 1063 1782 ita
1076 1742 1160 1797 usque
1174 1727 1207 1783 ad
1229 1739 1352 1785 actarum
1366 1729 1448 1799 diem,
1462 1749 1514 1800 mto
1528 1735 1586 1804 ejus
1614 1734 1702 1793 lutura
1719 1749 1778 1796 erat

145 1828 222 1884 ribus
235 1828 313 1883 rebus
325 1830 365 1884 ιιι
388 1828 510 1885 eruditus
525 1838 552 1884 et
575 1831 730 1885 monasticae
755 1829 936 1899 religiositatis
953 1808 1126 1883 Bleslivitas,
1138 1815 1265 1873 dimidie
1282 1819 1419 1881 intactum.
1446 1820 1475 1877 ln
1494 1822 1542 1879 (Ιὶθ
1555 1833 1644 1881 antem
1663 1826 1721 1896 tius
1735 1825 1777 1884 ie·

145 1920 265 1977 doctrina
280 1920 469 1989 preditus,nui
479 1918 533 1975 nita
547 1929 575 1976 ct
585 1921 703 1976 moribus
715 1921 862 1990 pollentem
877 1936 939 1992 gre.
988 1904 1121 1972 stiritatis,
1129 1907 1213 1963 ascito
1220 1909 1254 1964 ab
1265 1908 1415 1965 abbateloci
1427 1911 1498 1968 iilius
1513 1912 1780 1975 dimensisosntnndo

145 2020 206 2079 gem
230 2008 280 2065 sibi
296 2008 469 2064 eornmissum
482 2008 593 2078 regebat
607 2009 761 2065 ntonasticis
787 2009 937 2067 traditioni·
988 1996 1138 2052 ⁰¹¹¹¹0i¹⁰¹⁰
1161 1999 1298 2069 0Pi⁸⁰⁰lilb
1315 1999 1373 2055 iim
1393 2000 1568 2069 humilitate,
1595 2006 1726 2076 sapientia
1752 2015 1782 2065 0¹

145 2097 660 2170 pm,Qffl2ttq112nptgpgpneeogpppg
685 2098 811 2156 dubium
824 2102 938 2158 saneris.
989 2087 1129 2143 sanctitate
1152 2086 1307 2144 itonorando
1332 2100 1413 2162 atque
1439 2091 1575 2161 laudabili,
1604 2106 1631 2151 et
1655 2096 1781 2166 religioso

144 2189 226 2253 gimo,
252 2188 343 2244 indicit
371 2189 443 2244 fideii
464 2189 663 2261 congregationi
684 2190 834 2246 triduanum
858 2206 938 2262 dssel'e
989 2177 1085 2235 abbate
1113 2179 1294 2236 Gloceslrettsi
1323 2181 1496 2250 Siipl'ddicwg
1525 2200 1586 2240 cuttl
1613 2187 1780 2249 mullitudine

145 2277 290 2347 jejunium,
319 2279 438 2348 psalmos
461 2279 558 2335 depone
590 2279 656 2335 logis
688 2279 812 2349 congruis
837 2283 936 2335 psam.
988 2271 1326 2343 elcrietmagnopopnio,
1344 2273 1493 2344 principum
1517 2278 1597 2331 turba,
1615 2288 1643 2333 et
1665 2279 1781 2336 cateruis

143 2378 221 2435 κιο,
236 2370 414 2441 omuibugqpe
441 2370 527 2426 modis
560 2381 622 2427 gnte
644 2371 742 2428 dlvinae
765 2381 936 2440 conspectum
989 2363 1114 2430 utilitum,
1130 2363 1197 2418 lacta
1213 2374 1255 2418 esi
1266 2363 1325 2434 ejus
1339 2365 1454 2420 secanda
1468 2367 1609 2434 reteldiio,
1623 2383 1655 2424 ex
1677 2368 1779 2425 tumulo

143 2459 292 2516 cinnama
326 2460 476 2526 humiliari,
504 2470 633 2532 quatemus
667 2461 858 2532 omnipotentis
890 2463 936 2518 bat
988 2469 1041 2527 quo
1052 2457 1153 2526 positus
1168 2467 1208 2511 est
1223 2457 1257 2513 ab
1270 2457 1460 2529 archipraesule
1475 2459 1621 2524 bunsiano,
1637 2471 1664 2516 et
1685 2461 1712 2516 iu
1739 2459 1779 2517 lc·

142 2550 324 2607 misericordia
339 2552 406 2608 tanti
420 2551 544 2622 praesolis
557 2545 683 2620 relinui'es
696 2551 936 2622 sancrosancta·
988 2555 1061 2604 retro
1075 2557 1169 2605 aurato
1191 2548 1346 2605 honoranda
1363 2566 1410 2620 per
1426 2552 1471 2607 Dei
1487 2567 1579 2608 seruos
1596 2553 1693 2609 locatio
1708 2571 1715 2604 :
1733 2552 1779 2610 ulti

143 2642 320 2697 cestrensium
332 2643 411 2699 etiarn
431 2643 553 2712 religiosa
577 2643 759 2715 congregatio,
788 2644 851 2713 qnia
875 2642 937 2699 intio
988 2655 1019 2694 ea
1034 2638 1118 2696 dicet
1136 2640 1275 2711 deinceps,
1292 2640 1428 2701 beneficiis
1444 2643 1525 2712 iilius,
1554 2651 1582 2699 et
1606 2644 1718 2700 aliorum
1743 2642 1780 2700 ibi

143 2727 281 2786 citaritatis
298 2731 439 2803 coniuncta
453 2732 539 2788 luerat
550 2733 667 2801 vinculo,
684 2734 793 2804 lubente
809 2732 845 2788 iiii
858 2733 937 2790 Patre
988 2713 1210 2800 recalescentium
1232 2738 1386 2793 saltatorum
1402 2732 1514 2797 meritis,
1531 2741 1691 2802 prestantur
1701 2733 1775 2788 sani·

141 2816 266 2887 serlone,
291 2822 419 2894 religione
441 2823 587 2878 utotrnstiea
602 2823 760 2891 reverendo,
788 2825 837 2878 trac
864 2823 936 2880 idem
989 2830 1071 2877 tatum
1082 2823 1150 2877 dona
1163 2822 1263 2889 inuitis,
1274 2823 1424 2881 adiuudem
1441 2834 1467 2878 et
1480 2823 1591 2897 gloriam
1609 2824 1715 2880 Domini
1729 2838 1780 2880 no·

141 2908 205 2966 lecit
223 2910 366 2979 ieiunium,
382 2913 408 2969 in
422 2913 516 2970 diebos
541 2923 663 2969 saortnm
679 2914 749 2969 diem
766 2914 938 2972 Pentecosten
988 2913 1035 2968 stri
1046 2912 1109 2969 lesu
1121 2912 1233 2981 Citristi,
1246 2907 1291 2992 tini
1304 2915 1506 2994 tititctregnat
1517 2917 1661 2986 peremnia
1676 2915 1777 2972 saecula

140 2998 368 3067 precedentibus.
383 2996 474 3058 Tertia
488 3017 551 3059 nero
575 3003 619 3058 die
633 3003 795 3072 supradictae
809 3003 937 3060 solemni·
987 3003 1271 3061 seculorumlmen.
1305 2992 1317 3022 '
1390 2992 1394 2998 ’

142 3089 215 3157 istis,
244 3091 398 3148 lectricum
424 3093 576 3150 reverentia
602 3095 750 3150 matutinali
775 3095 876 3162 olllcio,
899 3097 933 3153 ad

142 3207 1253 3240 mun—Q—

632 3331 753 3409 albin
780 3330 905 3409 vtTt
932 3332 971 3409 S.
1003 3334 1284 3412 ttnflbtrltt.

546 3479 570 3540 li
604 3481 819 3543 Ctecnsttt
855 3483 1049 3544 barennis
1084 3502 1189 3547 novts
1226 3491 1397 3549 bucata.

179 3647 276 3702 beatus
295 3644 453 3700 didiscimus
476 3644 691 3712 splendidissimo
715 3645 860 3715 lngiorem
884 3661 930 3716 gc·
943 3645 967 3711 C
982 3648 1039 3703 snla
1051 3648 1121 3704 onim
1137 3649 1205 3716 ilia,
1226 3649 1399 3709 adnniracull
1423 3652 1599 3721 memoriam,
1621 3652 1780 3710 lisidunen·

141 3750 207 3796 nero
219 3735 360 3804 oriundus,
374 3736 460 3790 tntis
473 3734 558 3792 etiarn
569 3737 676 3807 regilius
691 3744 731 3791 cst
742 3736 838 3791 editus.
853 3733 932 3792 Pater
982 3751 1039 3793 sem
1054 3738 1182 3795 ltactenns
1193 3739 1331 3795 decorarit
1345 3740 1499 3797 eeclesiam.
1514 3740 1566 3798 l’er
1585 3741 1657 3798 idern
1672 3752 1778 3815 ternpus

141 3828 273 3897 siquidem
288 3828 358 3896 ejus,
378 3829 487 3883 nomine
500 3826 649 3897 Kantanos,
671 3831 711 3883 nir
726 3829 781 3884 Deo
797 3828 930 3897 denotas,
982 3829 1094 3899 cotrtigit
1107 3829 1198 3886 Romus
1212 3842 1239 3889 ut
1255 3844 1322 3900 puer
1334 3845 1369 3886 ex
1390 3833 1494 3888 incesta
1516 3838 1603 3889 matre
1622 3835 1777 3906 itroestoqns

141 3919 198 3972 lose
209 3918 281 3986 regis
294 3916 521 3994 west-Sasonum
541 3917 590 3971 luit
607 3933 762 3987 germanus.
783 3916 833 3973 ilie
851 3919 931 3988 igitur
983 3927 1057 3987 patre
1069 3918 1155 3974 editus
1171 3920 1268 3974 lamam
1282 3920 1422 3991 apostolici
1437 3922 1558 3990 inderet,
1573 3925 1633 3992 quia
1648 3924 1730 3990 enirn,
1747 3935 1777 3981 nt

141 4003 280 4065 ilentesus
296 4020 328 4061 ex
341 4019 426 4061 onore
439 4019 486 4059 sua
499 4003 581 4060 dlium
592 4008 685 4074 gennit
697 4007 804 4062 nominc
820 4009 930 4064 Aldinel·
982 4011 1039 4066 lieri
1054 4013 1122 4065 solet
1136 4053 1142 4076 ,
1156 4013 1272 4079 vulgaris
1288 4014 1380 4082 opinio
1392 4029 1424 4067 ex
1444 4015 1569 4082 pontiltee
1582 4016 1700 4085 genitum
1716 4028 1775 4072 cre·

140 4112 224 4160 snum.
250 4096 408 4153 bidireimos
420 4096 493 4152 enim
508 4093 637 4166 dnglice,
659 4097 751 4152 latine
765 4107 840 4154 tetus
853 4101 930 4168 gaios
981 4103 1066 4157 deret.
1080 4101 1183 4156 Attalns
1198 4099 1357 4155 Aidlrelmus
1377 4103 1459 4159 multa
1480 4105 1596 4161 artricitia
1617 4105 1774 4162 loederatnm

139 4192 346 4260 interpretatur,
370 4189 432 4257 prtia
453 4190 529 4260 galea
552 4190 646 4245 salutis
671 4198 751 4259 oapttt
771 4201 928 4261 protectus,
980 4193 1031 4247 sibi
1043 4191 1183 4261 praesulem
1198 4192 1243 4245 tali
1262 4189 1386 4245 ioederari
1400 4190 1519 4258 inlamla,
1535 4208 1660 4263 puerum,
1678 4210 1774 4251 norem

138 4279 314 4350 optimamde
332 4285 409 4336 tosto
427 4283 453 4336 io
471 4282 570 4337 caelum
585 4283 688 4336 reverit
700 4282 849 4338 victoriam.
863 4285 929 4340 Pus·
980 4282 1063 4336 diosa
1079 4280 1217 4336 nativitate
1232 4280 1387 4347 nabentem,
1401 4281 1521 4337 exbiberi
1535 4285 1671 4352 praecepit,
1688 4285 1772 4356 impe·

138 4373 233 4438 ritibus
243 4374 350 4441 elapsus
361 4374 449 4441 annis,
467 4373 621 4429 liberalibus
635 4374 730 4429 stadiis
745 4375 858 4431 traditus
872 4384 929 4443 cst;
980 4379 1073 4439 ratane
1084 4370 1111 4426 ιιι
1122 4372 1219 4425 virtute
1228 4378 1255 4425 et
1269 4370 1295 4425 in
1307 4368 1416 4425 nomine
1428 4368 1491 4426 lesu
1503 4371 1602 4425 Christi
1615 4378 1644 4425 nl
1657 4370 1774 4428 latentur

138 4464 182 4519 ttbl
197 4464 264 4520 adeo
275 4463 303 4519 in
321 4465 395 4520 b'reri
410 4464 541 4529 relloruit,
562 4477 592 4520 ut
606 4464 760 4521 ‹tnemnbus
773 4481 841 4536 qnos
856 4466 931 4522 Grae·
979 4464 1002 4517 si
1017 4461 1125 4532 Sergius
1135 4461 1229 4517 incesti
1244 4459 1368 4516 conscius
1379 4459 1505 4515 babetur.
1523 4460 1670 4530 ltespondit
1684 4459 1775 4517 intans

138 4564 223 4612 coest
240 4556 349 4612 Latirrns
369 4555 482 4612 babebat
497 4554 681 4626 proterendos
695 4559 885 4614 animaretur,
900 4558 929 4614 tn
979 4550 1175 4606 absolutissimo
1183 4564 1308 4606 sermone
1318 4550 1464 4606 antistitem
1472 4548 1580 4605 alssneut
1587 4549 1709 4615 criminis
1720 4567 1774 4608 raon

137 4636 305 4709 lieldooersi
323 4647 428 4702 demunt
451 4648 624 4713 monasterio,
650 4648 730 4703 modo
750 4647 929 4703 iislmesbirin
979 4657 1059 4708 esse,
1075 4642 1228 4699 niltililium
1246 4656 1460 4698 communecum
1476 4639 1676 4699 seeundosesu
1691 4643 1776 4701 lrabe-

136 4746 242 4802 voesto,
256 4739 342 4809 primo
357 4738 515 4804 monachus,
530 4738 628 4795 delrinc
643 4740 782 4811 presbyter
797 4749 825 4795 et
846 4740 929 4795 abbas
981 4749 1019 4791 re.
1039 4735 1196 4791 ttldlreltnus
1217 4735 1305 4803 itaque
1319 4743 1347 4789 et
1365 4732 1400 4788 ab
1418 4732 1503 4787 amieo
1520 4731 1645 4801 pntrtilice
1662 4731 1767 4802 depulit

136 4829 258 4895 annosus,
271 4831 324 4888 albi
338 4839 468 4901 potusque
478 4831 635 4899 alsatiam,
650 4831 747 4902 sigillis
761 4831 929 4887 morationi-
980 4825 1116 4880 itnlamiam
1129 4867 1137 4891 ,
1152 4832 1181 4881 el
1194 4823 1244 4878 sibi
1265 4822 1441 4879 accumulavit
1457 4823 1581 4892 gratiani.
1597 4822 1665 4879 Cum
1679 4833 1767 4879 autern

137 4913 187 4979 bus
198 4923 319 4978 uacabat.
335 4921 415 4977 ianr
430 4923 502 4977 enim
523 4924 580 4990 ejus
600 4921 693 4977 multis
712 4921 854 4990 praeconiis
869 4921 930 4975 iilu-
981 4915 1010 4970 ln
1021 4914 1145 4970 caenobio
1157 4927 1207 4968 suo
1221 4913 1362 4969 ecclesiam
1377 4923 1475 4968 sancte
1489 4913 1578 4968 itariae
1589 4923 1769 4979 construeret,

137 5010 288 5081 fllpatajpm
304 5026 378 5067 mm
392 5013 544 5076 transigat,
559 5012 814 5078 Aipesmodielal,
832 5020 859 5065 gl
874 5008 929 5065 Re).
946 4992 1037 5060 Dima
1061 5003 1176 5056 trabium
1199 5002 1350 5055 liecesssilid
1379 5000 1479 5056 sortior
1504 5002 1563 5057 aliis
1584 5003 1689 5059 intenta
1712 5002 1772 5058 iiiii·

137 5109 209 5155 niatu
224 5111 417 5169 trenetraternt.
433 5103 490 5170 Qna
504 5102 629 5157 incitatus
650 5115 717 5171 papa
735 5100 844 5172 sergius
861 5103 924 5158 sest.
981 5090 1137 5148 Aldirelmus
1152 5089 1243 5158 igitur,
1260 5089 1317 5145 insa
1331 5089 1364 5144 ad
1387 5091 1469 5146 bearn
1484 5106 1573 5160 prece,
1592 5092 1693 5146 trabem
1709 5108 1770 5148 rnos

136 5190 193 5264 mh
210 5206 271 5249 eum
285 5193 380 5250 ascivit
400 5204 428 5249 οι
449 5193 596 5249 honorilice
616 5194 744 5263 suscepit,
767 5192 833 5246 Dum
856 5192 927 5248 enlin
977 5184 1156 5254 jtlxiswlliill
1170 5182 1320 5252 elongatam
1335 5181 1444 5237 ἰιιιοιιὶι.
1458 5182 1494 5237 Ed
1511 5190 1694 5251 ldtltpesibieil
1708 5181 1773 5239 Bel*-

136 5283 251 5352 quadarn
266 5283 310 5339 dic
322 5284 347 5339 iu
361 5284 535 5341 beteranensi
547 5284 663 5338 ecclesia
676 5284 785 5339 arissam
799 5282 928 5338 reinbrat·
980 5275 1096 5331 risnello
1117 5274 1317 5343 arciriepisenpo
1340 5274 1373 5328 ad
1398 5274 1561 5345 colloquiunt
1586 5273 1712 5340 ateittnn,
1736 5291 1770 5332 en

136 5383 188 5442 sel,
198 5381 226 5432 et
236 5375 355 5431 morsiam
367 5374 496 5438 exuisset,
510 5373 630 5442 porrexit
641 5387 701 5429 cam
717 5381 790 5428 retro
803 5387 843 5438 se,
856 5381 932 5427 ratos
981 5368 1054 5439 justa
1071 5367 1144 5422 littus
1164 5365 1244 5422 maris
1260 5374 1436 5432 transeunte,
1453 5376 1541 5420 nautae
1555 5365 1662 5434 «putidam
1684 5364 1771 5435 ipsutn

136 5462 213 5529 siioui
235 5463 420 5519 ministrorum
435 5461 507 5516 illam
528 5458 644 5519 tradere.
664 5460 718 5518 Sed
729 5462 791 5532 qula
810 5461 929 5517 scrrlcn·
983 5462 1102 5518 restibus
1116 5459 1254 5516 sordidum
1269 5468 1441 5514 contemnere
1453 5468 1480 5514 et
1494 5457 1615 5514 deridcre
1629 5473 1681 5513 non
1696 5473 1772 5515 rere·

137 5550 202 5606 tlutu
213 5551 299 5619 deluit
311 5551 460 5618 inlustria,
476 5549 564 5605 diuina
580 5564 640 5605 tuos
652 5547 738 5605 adluit
750 5550 927 5620 prouidentia.
983 5554 1087 5610 bantur.
1104 5553 1137 5607 Et
1148 5566 1212 5608 eree
1224 5549 1362 5606 contrario
1373 5547 1456 5606 ilante
1467 5560 1546 5604 renuo
1557 5564 1631 5606 utare
1646 5548 1769 5621 insurgit,

137 5637 286 5703 Confestim
297 5657 413 5715 namque
432 5639 521 5696 radius
541 5639 638 5697 solaris
657 5652 704 5708 pren
724 5639 870 5696 lenestrnnt
889 5643 927 5696 ir·
983 5643 1069 5699 bisons
1081 5643 1168 5708 sunit,
1184 5649 1330 5711 tempestat
1345 5641 1491 5697 irataiescit.
1509 5639 1692 5696 periclitantes
1707 5656 1771 5713 ergo

138 5737 267 5804 irrepens
280 5735 397 5795 ornatam
417 5733 524 5804 excepit
540 5742 640 5789 etnam
661 5735 705 5788 rita
725 5732 861 5789 sustinuit.
877 5734 929 5791 da·
983 5745 1071 5791 ttautm
1085 5743 1113 5790 ot
1130 5732 1224 5789 mortis
1240 5733 1332 5790 lroranr
1348 5739 1554 5802 exspectantes,
1575 5739 1677 5787 rcatnm
1693 5746 1771 5787 suurn
