<?xml version="1.0" encoding="UTF-8"?>
<!DOCTYPE html PUBLIC "-//W3C//DTD XHTML 1.0 Transitional//EN"
    "http://www.w3.org/TR/xhtml1/DTD/xhtml1-transitional.dtd">
<html xmlns="http://www.w3.org/1999/xhtml" xml:lang="en" lang="en">
 <head>
  <title>
</title>
<meta http-equiv="Content-Type" content="text/html;charset=utf-8" />
  <meta name='ocr-system' content='tesseract 3.04.00' />
  <meta name='ocr-capabilities' content='ocr_page ocr_carea ocr_par ocr_line ocrx_word'/>
</head>
<body>
  <div class='ocr_page' id='page_1' title='image "./patrologiaecurs74unkngoog_0192.png"; bbox 0 0 3832 6114; ppageno 0'>
   <div class='ocr_carea' id='block_1_1' title="bbox 183 279 1818 355">
    <p class='ocr_par' dir='ltr' id='par_1_1' title="bbox 183 279 1818 355">
     <span class='ocr_line' id='line_1_1' title="bbox 183 279 1818 355; baseline -0.007 -2"><span class='ocrx_word' id='word_1_1' title='bbox 183 281 232 355; x_wconf 64' lang='lat' dir='ltr'>bii</span> <span class='ocrx_word' id='word_1_2' title='bbox 812 290 842 349; x_wconf 77' lang='grc' dir='ltr'>Β.</span> <span class='ocrx_word' id='word_1_3' title='bbox 863 282 1042 346; x_wconf 65' lang='lat' dir='ltr'>aasabim!</span> <span class='ocrx_word' id='word_1_4' title='bbox 1060 279 1171 349; x_wconf 77' lang='lat' dir='ltr'>CiiiSi&#39;i</span> <span class='ocrx_word' id='word_1_5' title='bbox 1761 282 1818 343; x_wconf 73' lang='lat' dir='ltr'>sta</span> 
     </span>
    </p>
   </div>
   <div class='ocr_carea' id='block_1_2' title="bbox 96 389 1889 5210">
    <p class='ocr_par' dir='ltr' id='par_1_2' title="bbox 96 389 1889 5210">
     <span class='ocr_line' id='line_1_2' title="bbox 184 389 1743 483; baseline -0.008 -16"><span class='ocrx_word' id='word_1_6' title='bbox 184 413 223 467; x_wconf 75' lang='lat' dir='ltr'>te</span> <span class='ocrx_word' id='word_1_7' title='bbox 235 405 308 464; x_wconf 86' lang='lat' dir='ltr'>toliis</span> <span class='ocrx_word' id='word_1_8' title='bbox 322 404 431 463; x_wconf 88' lang='lat' dir='ltr'>tumidis</span> <span class='ocrx_word' id='word_1_9' title='bbox 442 389 540 463; x_wconf 85' lang='lat' dir='ltr'>arcens</span> <span class='ocrx_word' id='word_1_10' title='bbox 553 405 734 477; x_wconf 78' lang='lat' dir='ltr'>compleverit</span> <span class='ocrx_word' id='word_1_11' title='bbox 743 403 822 471; x_wconf 80' lang='lat' dir='ltr'>iliud,</span> <span class='ocrx_word' id='word_1_12' title='bbox 937 413 941 419; x_wconf 89' lang='lat'>·</span> <span class='ocrx_word' id='word_1_13' title='bbox 986 396 1090 483; x_wconf 77' lang='lat' dir='ltr'>licum</span> <span class='ocrx_word' id='word_1_14' title='bbox 1103 400 1204 470; x_wconf 87' lang='lat' dir='ltr'>patitnr</span> <span class='ocrx_word' id='word_1_15' title='bbox 1213 397 1290 471; x_wconf 81' lang='lat' dir='ltr'>ieeur</span> <span class='ocrx_word' id='word_1_16' title='bbox 1301 397 1329 455; x_wconf 90' lang='lat' dir='ltr'>in</span> <span class='ocrx_word' id='word_1_17' title='bbox 1341 397 1447 466; x_wconf 79' lang='lat' dir='ltr'>dextra,</span> <span class='ocrx_word' id='word_1_18' title='bbox 1466 395 1542 468; x_wconf 81' lang='lat' dir='ltr'>splen</span> <span class='ocrx_word' id='word_1_19' title='bbox 1554 394 1611 468; x_wconf 85' lang='lat' dir='ltr'>ipra</span> <span class='ocrx_word' id='word_1_20' title='bbox 1624 395 1743 455; x_wconf 80' lang='lat' dir='ltr'>sinistra.</span> 
     </span>
     <span class='ocr_line' id='line_1_3' title="bbox 183 487 1711 569; baseline -0.006 -13"><span class='ocrx_word' id='word_1_21' title='bbox 183 500 331 556; x_wconf 71' lang='lat' dir='ltr'>emericum</span> <span class='ocrx_word' id='word_1_22' title='bbox 346 499 440 555; x_wconf 90' lang='lat' dir='ltr'>teritur</span> <span class='ocrx_word' id='word_1_23' title='bbox 451 496 546 567; x_wconf 79' lang='lat' dir='ltr'>iuncta</span> <span class='ocrx_word' id='word_1_24' title='bbox 560 498 652 569; x_wconf 79' lang='lat' dir='ltr'>pipere</span> <span class='ocrx_word' id='word_1_25' title='bbox 668 496 796 568; x_wconf 76' lang='lat' dir='ltr'><strong>boloque,</strong></span> <span class='ocrx_word' id='word_1_26' title='bbox 1024 487 1093 546; x_wconf 75' lang='lat' dir='ltr'>(lura</span> <span class='ocrx_word' id='word_1_27' title='bbox 1103 488 1165 546; x_wconf 88' lang='lat' dir='ltr'>ideo</span> <span class='ocrx_word' id='word_1_28' title='bbox 1174 490 1313 547; x_wconf 88' lang='lat' dir='ltr'>amborum</span> <span class='ocrx_word' id='word_1_29' title='bbox 1328 489 1422 562; x_wconf 84' lang='lat' dir='ltr'>parilis</span> <span class='ocrx_word' id='word_1_30' title='bbox 1434 488 1578 559; x_wconf 79' lang='lat' dir='ltr'>coniuncta</span> <span class='ocrx_word' id='word_1_31' title='bbox 1595 487 1711 547; x_wconf 86' lang='lat' dir='ltr'>duobus.</span> 
     </span>
     <span class='ocr_line' id='line_1_4' title="bbox 183 581 1730 662; baseline -0.007 -13"><span class='ocrx_word' id='word_1_32' title='bbox 183 592 229 649; x_wconf 85' lang='lat' dir='ltr'>Sic</span> <span class='ocrx_word' id='word_1_33' title='bbox 243 590 358 662; x_wconf 84' lang='lat' dir='ltr'>positum</span> <span class='ocrx_word' id='word_1_34' title='bbox 371 603 467 659; x_wconf 74' lang='lat' dir='ltr'>penna</span> <span class='ocrx_word' id='word_1_35' title='bbox 481 587 608 659; x_wconf 86' lang='lat' dir='ltr'>perdatur</span> <span class='ocrx_word' id='word_1_36' title='bbox 622 597 732 659; x_wconf 90' lang='lat' dir='ltr'>gutture</span> <span class='ocrx_word' id='word_1_37' title='bbox 746 602 839 644; x_wconf 86' lang='lat' dir='ltr'>rauco.</span> <span class='ocrx_word' id='word_1_38' title='bbox 1094 581 1151 638; x_wconf 89' lang='lat' dir='ltr'>iiii.</span> <span class='ocrx_word' id='word_1_39' title='bbox 1171 596 1205 637; x_wconf 87' lang='lat' dir='ltr'>nr</span> <span class='ocrx_word' id='word_1_40' title='bbox 1224 597 1353 640; x_wconf 87' lang='lat' dir='ltr'>sroutctn</span> <span class='ocrx_word' id='word_1_41' title='bbox 1367 598 1401 638; x_wconf 84' lang='lat' dir='ltr'>ar</span> <span class='ocrx_word' id='word_1_42' title='bbox 1420 595 1554 638; x_wconf 72' lang='lat' dir='ltr'>unaarum</span> <span class='ocrx_word' id='word_1_43' title='bbox 1573 594 1730 638; x_wconf 81' lang='lat' dir='ltr'>noeumane.</span> 
     </span>
     <span class='ocr_line' id='line_1_5' title="bbox 409 664 1705 745; baseline -0.005 -11"><span class='ocrx_word' id='word_1_44' title='bbox 409 678 465 736; x_wconf 81' lang='lat' dir='ltr'>iiii.</span> <span class='ocrx_word' id='word_1_45' title='bbox 485 694 519 735; x_wconf 82' lang='lat' dir='ltr'>na</span> <span class='ocrx_word' id='word_1_46' title='bbox 537 664 596 735; x_wconf 82' lang='lat' dir='ltr'>ura¹</span> <span class='ocrx_word' id='word_1_47' title='bbox 608 691 749 736; x_wconf 72' lang='lat' dir='ltr'>comunis.</span> <span class='ocrx_word' id='word_1_48' title='bbox 1026 671 1133 728; x_wconf 81' lang='lat' dir='ltr'>i&#39;isrera</span> <span class='ocrx_word' id='word_1_49' title='bbox 1148 671 1312 740; x_wconf 77' lang='lat' dir='ltr'>multimodis</span> <span class='ocrx_word' id='word_1_50' title='bbox 1325 672 1483 745; x_wconf 91' lang='lat' dir='ltr'>quatiuntur</span> <span class='ocrx_word' id='word_1_51' title='bbox 1497 670 1592 729; x_wconf 89' lang='lat' dir='ltr'>intima</span> <span class='ocrx_word' id='word_1_52' title='bbox 1606 672 1705 741; x_wconf 81' lang='lat' dir='ltr'>pmute,</span> 
     </span>
     <span class='ocr_line' id='line_1_6' title="bbox 183 759 1636 839; baseline -0.001 -10"><span class='ocrx_word' id='word_1_53' title='bbox 183 772 241 831; x_wconf 89' lang='lat' dir='ltr'>lira</span> <span class='ocrx_word' id='word_1_54' title='bbox 257 771 368 829; x_wconf 85' lang='lat' dir='ltr'>madens</span> <span class='ocrx_word' id='word_1_55' title='bbox 382 784 444 839; x_wconf 87' lang='lat' dir='ltr'>curn</span> <span class='ocrx_word' id='word_1_56' title='bbox 459 768 529 826; x_wconf 88' lang='lat' dir='ltr'>iorte</span> <span class='ocrx_word' id='word_1_57' title='bbox 544 769 652 826; x_wconf 89' lang='lat' dir='ltr'>modurn</span> <span class='ocrx_word' id='word_1_58' title='bbox 672 782 726 824; x_wconf 90' lang='lat' dir='ltr'>non</span> <span class='ocrx_word' id='word_1_59' title='bbox 739 766 859 824; x_wconf 88' lang='lat' dir='ltr'>continet</span> <span class='ocrx_word' id='word_1_60' title='bbox 873 767 972 837; x_wconf 79' lang='lat' dir='ltr'>ipsum,</span> <span class='ocrx_word' id='word_1_61' title='bbox 1024 759 1059 817; x_wconf 82' lang='lat' dir='ltr'>iit</span> <span class='ocrx_word' id='word_1_62' title='bbox 1069 762 1203 818; x_wconf 84' lang='lat' dir='ltr'>cruciatur</span> <span class='ocrx_word' id='word_1_63' title='bbox 1216 777 1283 833; x_wconf 80' lang='lat' dir='ltr'>eger</span> <span class='ocrx_word' id='word_1_64' title='bbox 1297 770 1370 817; x_wconf 89' lang='lat' dir='ltr'>totus</span> <span class='ocrx_word' id='word_1_65' title='bbox 1383 762 1512 833; x_wconf 64' lang='lat' dir='ltr'>lanatiore</span> <span class='ocrx_word' id='word_1_66' title='bbox 1525 763 1636 828; x_wconf 60' lang='lat' dir='ltr'>udaiei,</span> 
     </span>
     <span class='ocr_line' id='line_1_7' title="bbox 183 849 1691 934; baseline 0.001 -16"><span class='ocrx_word' id='word_1_67' title='bbox 183 863 347 934; x_wconf 75' lang='lat' dir='ltr'>Estiilatque</span> <span class='ocrx_word' id='word_1_68' title='bbox 360 875 454 934; x_wconf 82' lang='lat' dir='ltr'>graues</span> <span class='ocrx_word' id='word_1_69' title='bbox 468 859 642 932; x_wconf 71' lang='lat' dir='ltr'>putridasque</span> <span class='ocrx_word' id='word_1_70' title='bbox 656 858 683 915; x_wconf 89' lang='lat' dir='ltr'>in</span> <span class='ocrx_word' id='word_1_71' title='bbox 697 872 810 932; x_wconf 90' lang='lat' dir='ltr'>corpore</span> <span class='ocrx_word' id='word_1_72' title='bbox 823 868 924 931; x_wconf 84' lang='lat' dir='ltr'>guttas,</span> <span class='ocrx_word' id='word_1_73' title='bbox 1024 849 1079 906; x_wconf 71' lang='lat' dir='ltr'>Nec</span> <span class='ocrx_word' id='word_1_74' title='bbox 1092 864 1154 921; x_wconf 65' lang='lat' dir='ltr'>tlibi</span> <span class='ocrx_word' id='word_1_75' title='bbox 1169 850 1223 906; x_wconf 73' lang='lat'>⁰¹¹⁸</span> <span class='ocrx_word' id='word_1_76' title='bbox 1237 861 1328 908; x_wconf 68' lang='lat' dir='ltr'>minei</span> <span class='ocrx_word' id='word_1_77' title='bbox 1342 853 1418 919; x_wconf 66' lang='lat'>&#39;1222</span> <span class='ocrx_word' id='word_1_78' title='bbox 1432 866 1493 909; x_wconf 88' lang='lat' dir='ltr'>cum</span> <span class='ocrx_word' id='word_1_79' title='bbox 1506 851 1619 923; x_wconf 72' lang='lat' dir='ltr'>ibiiiiiii</span> <span class='ocrx_word' id='word_1_80' title='bbox 1632 853 1691 923; x_wconf 83' lang='lat' dir='ltr'>ipse</span> 
     </span>
     <span class='ocr_line' id='line_1_8' title="bbox 184 941 1812 1025; baseline -0.001 -15"><span class='ocrx_word' id='word_1_81' title='bbox 184 951 376 1025; x_wconf 79' lang='lat' dir='ltr'>Pulmonisque</span> <span class='ocrx_word' id='word_1_82' title='bbox 388 955 461 1011; x_wconf 86' lang='lat' dir='ltr'>ieres</span> <span class='ocrx_word' id='word_1_83' title='bbox 475 952 592 1009; x_wconf 75' lang='lat' dir='ltr'>terebrat</span> <span class='ocrx_word' id='word_1_84' title='bbox 603 951 674 1008; x_wconf 90' lang='lat' dir='ltr'>maie</span> <span class='ocrx_word' id='word_1_85' title='bbox 685 950 796 1009; x_wconf 86' lang='lat' dir='ltr'>sordida</span> <span class='ocrx_word' id='word_1_86' title='bbox 811 964 924 1022; x_wconf 84' lang='lat' dir='ltr'>pennas,</span> <span class='ocrx_word' id='word_1_87' title='bbox 1024 941 1085 997; x_wconf 79' lang='lat' dir='ltr'>dita</span> <span class='ocrx_word' id='word_1_88' title='bbox 1099 943 1175 1012; x_wconf 70' lang='lat' dir='ltr'>belii,</span> <span class='ocrx_word' id='word_1_89' title='bbox 1189 945 1343 1014; x_wconf 85' lang='lat' dir='ltr'>peregrinus</span> <span class='ocrx_word' id='word_1_90' title='bbox 1358 943 1434 1009; x_wconf 70' lang='lat' dir='ltr'>tilii,</span> <span class='ocrx_word' id='word_1_91' title='bbox 1448 944 1519 999; x_wconf 64' lang='grc' dir='ltr'>ΝΜ</span> <span class='ocrx_word' id='word_1_92' title='bbox 1541 955 1655 1014; x_wconf 60' lang='lat' dir='ltr'>&lt;limittit</span> <span class='ocrx_word' id='word_1_93' title='bbox 1673 941 1812 1017; x_wconf 65' lang='lat' dir='ltr'>relinqui!-</span> 
     </span>
     <span class='ocr_line' id='line_1_9' title="bbox 184 1033 1730 1116; baseline 0 -15"><span class='ocrx_word' id='word_1_94' title='bbox 184 1044 307 1103; x_wconf 82' lang='lat' dir='ltr'>Sicoatur</span> <span class='ocrx_word' id='word_1_95' title='bbox 319 1044 400 1102; x_wconf 79' lang='lat' dir='ltr'><strong>simili</strong></span> <span class='ocrx_word' id='word_1_96' title='bbox 411 1044 493 1100; x_wconf 88' lang='lat' dir='ltr'>citius</span> <span class='ocrx_word' id='word_1_97' title='bbox 505 1044 539 1101; x_wconf 90' lang='lat' dir='ltr'>de</span> <span class='ocrx_word' id='word_1_98' title='bbox 552 1043 662 1116; x_wconf 88' lang='lat' dir='ltr'>puircre</span> <span class='ocrx_word' id='word_1_99' title='bbox 675 1051 813 1114; x_wconf 84' lang='lat' dir='ltr'>grassans.</span> <span class='ocrx_word' id='word_1_100' title='bbox 1025 1033 1129 1112; x_wconf 64' lang='lat' dir='ltr'>mciii?</span> <span class='ocrx_word' id='word_1_101' title='bbox 1143 1033 1200 1091; x_wconf 70' lang='lat'>¹¹²0</span> <span class='ocrx_word' id='word_1_102' title='bbox 1214 1045 1293 1101; x_wconf 68' lang='lat' dir='ltr'>¹⁰ii²s</span> <span class='ocrx_word' id='word_1_103' title='bbox 1308 1034 1396 1106; x_wconf 83' lang='lat' dir='ltr'>grauis</span> <span class='ocrx_word' id='word_1_104' title='bbox 1407 1034 1469 1105; x_wconf 59' lang='lat' dir='ltr'>(iffi</span> <span class='ocrx_word' id='word_1_105' title='bbox 1486 1033 1591 1090; x_wconf 65' lang='lat' dir='ltr'>&#39;iiim</span> <span class='ocrx_word' id='word_1_106' title='bbox 1606 1040 1730 1111; x_wconf 52' lang='lat' dir='ltr'>{illimis</span> 
     </span>
     <span class='ocr_line' id='line_1_10' title="bbox 369 1117 1816 1198; baseline 0.003 -20"><span class='ocrx_word' id='word_1_107' title='bbox 369 1137 438 1194; x_wconf 73' lang='lat' dir='ltr'>qm,</span> <span class='ocrx_word' id='word_1_108' title='bbox 457 1154 491 1195; x_wconf 52' lang='grc' dir='ltr'>,Β</span> <span class='ocrx_word' id='word_1_109' title='bbox 509 1152 633 1195; x_wconf 65' lang='lat' dir='ltr'>pum„</span> <span class='ocrx_word' id='word_1_110' title='bbox 652 1151 785 1194; x_wconf 60' lang='lat' dir='ltr'>cumo,</span> <span class='ocrx_word' id='word_1_111' title='bbox 1025 1117 1121 1194; x_wconf 78' lang='lat' dir='ltr'>itque&#39;</span> <span class='ocrx_word' id='word_1_112' title='bbox 1136 1126 1232 1182; x_wconf 88' lang='lat' dir='ltr'>iterum</span> <span class='ocrx_word' id='word_1_113' title='bbox 1248 1127 1399 1198; x_wconf 77' lang='lat' dir='ltr'>iterumque</span> <span class='ocrx_word' id='word_1_114' title='bbox 1414 1125 1517 1198; x_wconf 86' lang='lat' dir='ltr'>placat,</span> <span class='ocrx_word' id='word_1_115' title='bbox 1531 1128 1714 1197; x_wconf 76' lang='lat' dir='ltr'>corrumpitur</span> <span class='ocrx_word' id='word_1_116' title='bbox 1727 1126 1816 1184; x_wconf 88' lang='lat' dir='ltr'>omnis</span> 
     </span>
     <span class='ocr_line' id='line_1_11' title="bbox 187 1213 1815 1300; baseline -0.003 -16"><span class='ocrx_word' id='word_1_117' title='bbox 187 1229 267 1300; x_wconf 75' lang='lat' dir='ltr'>Sapo</span> <span class='ocrx_word' id='word_1_118' title='bbox 281 1228 374 1299; x_wconf 81' lang='lat' dir='ltr'>rigens</span> <span class='ocrx_word' id='word_1_119' title='bbox 387 1226 505 1285; x_wconf 90' lang='lat' dir='ltr'>bominis</span> <span class='ocrx_word' id='word_1_120' title='bbox 517 1229 636 1300; x_wconf 88' lang='lat' dir='ltr'>quatitur</span> <span class='ocrx_word' id='word_1_121' title='bbox 650 1227 690 1284; x_wconf 89' lang='lat' dir='ltr'>ris</span> <span class='ocrx_word' id='word_1_122' title='bbox 704 1227 761 1298; x_wconf 88' lang='lat' dir='ltr'>ipsa</span> <span class='ocrx_word' id='word_1_123' title='bbox 775 1223 903 1286; x_wconf 85' lang='lat' dir='ltr'>tiroracis.</span> <span class='ocrx_word' id='word_1_124' title='bbox 1025 1213 1111 1269; x_wconf 62' lang='lat' dir='ltr'>Chiro</span> <span class='ocrx_word' id='word_1_125' title='bbox 1127 1226 1221 1272; x_wconf 64' lang='lat' dir='ltr'>nolim</span> <span class='ocrx_word' id='word_1_126' title='bbox 1246 1217 1338 1287; x_wconf 76' lang='lat' dir='ltr'>simui,</span> <span class='ocrx_word' id='word_1_127' title='bbox 1354 1226 1461 1289; x_wconf 72' lang='lat' dir='ltr'>tapam</span> <span class='ocrx_word' id='word_1_128' title='bbox 1482 1216 1553 1289; x_wconf 80' lang='lat' dir='ltr'>quod</span> <span class='ocrx_word' id='word_1_129' title='bbox 1575 1217 1674 1275; x_wconf 72' lang='lat' dir='ltr'>iortitia</span> <span class='ocrx_word' id='word_1_130' title='bbox 1694 1217 1815 1293; x_wconf 63' lang='lat' dir='ltr'>lympha·</span> 
     </span>
     <span class='ocr_line' id='line_1_12' title="bbox 186 1305 1679 1380; baseline 0 -4"><span class='ocrx_word' id='word_1_131' title='bbox 186 1323 311 1377; x_wconf 81' lang='lat' dir='ltr'>Cernitur</span> <span class='ocrx_word' id='word_1_132' title='bbox 327 1327 355 1377; x_wconf 92' lang='lat' dir='ltr'>et</span> <span class='ocrx_word' id='word_1_133' title='bbox 367 1318 454 1376; x_wconf 88' lang='lat' dir='ltr'>diram</span> <span class='ocrx_word' id='word_1_134' title='bbox 468 1318 559 1376; x_wconf 90' lang='lat' dir='ltr'>multis</span> <span class='ocrx_word' id='word_1_135' title='bbox 572 1317 713 1375; x_wconf 84' lang='lat' dir='ltr'>intendere</span> <span class='ocrx_word' id='word_1_136' title='bbox 728 1324 856 1373; x_wconf 85' lang='lat' dir='ltr'>mortem.</span> <span class='ocrx_word' id='word_1_137' title='bbox 1026 1305 1072 1362; x_wconf 89' lang='lat' dir='ltr'>Sic</span> <span class='ocrx_word' id='word_1_138' title='bbox 1086 1307 1159 1376; x_wconf 58' lang='lat' dir='ltr'>lidra</span> <span class='ocrx_word' id='word_1_139' title='bbox 1172 1320 1204 1362; x_wconf 74' lang='lat'>⁰¹</span> <span class='ocrx_word' id='word_1_140' title='bbox 1220 1307 1278 1377; x_wconf 82' lang='lat' dir='ltr'>ipso</span> <span class='ocrx_word' id='word_1_141' title='bbox 1291 1307 1431 1363; x_wconf 74' lang='lat' dir='ltr'>s⁰i⁰²¹¹¹⁸¹i</span> <span class='ocrx_word' id='word_1_142' title='bbox 1442 1309 1561 1364; x_wconf 67' lang='lat' dir='ltr'>membri</span> <span class='ocrx_word' id='word_1_143' title='bbox 1577 1308 1679 1380; x_wconf 65' lang='lat' dir='ltr'>lilim</span> 
     </span>
     <span class='ocr_line' id='line_1_13' title="bbox 184 1394 1722 1485; baseline -0.008 -15"><span class='ocrx_word' id='word_1_144' title='bbox 184 1414 213 1471; x_wconf 87' lang='lat' dir='ltr'>st</span> <span class='ocrx_word' id='word_1_145' title='bbox 229 1416 304 1485; x_wconf 86' lang='lat' dir='ltr'>cupis</span> <span class='ocrx_word' id='word_1_146' title='bbox 316 1429 381 1485; x_wconf 90' lang='lat' dir='ltr'>crgo</span> <span class='ocrx_word' id='word_1_147' title='bbox 401 1427 502 1484; x_wconf 85' lang='lat' dir='ltr'>aegrum</span> <span class='ocrx_word' id='word_1_148' title='bbox 517 1412 589 1469; x_wconf 81' lang='lat' dir='ltr'>curia</span> <span class='ocrx_word' id='word_1_149' title='bbox 601 1410 718 1481; x_wconf 77' lang='lat' dir='ltr'>repoibe</span> <span class='ocrx_word' id='word_1_150' title='bbox 730 1407 867 1464; x_wconf 84' lang='lat' dir='ltr'>tbnraeem</span> <span class='ocrx_word' id='word_1_151' title='bbox 879 1443 887 1469; x_wconf 85' lang='lat'>‚</span> <span class='ocrx_word' id='word_1_152' title='bbox 940 1446 944 1451; x_wconf 87' lang='grc'><em>.</em></span> <span class='ocrx_word' id='word_1_153' title='bbox 1026 1394 1169 1468; x_wconf 73' lang='lat' dir='ltr'>baurgim</span> <span class='ocrx_word' id='word_1_154' title='bbox 1183 1412 1218 1454; x_wconf 82' lang='lat' dir='ltr'>ea</span> <span class='ocrx_word' id='word_1_155' title='bbox 1230 1398 1329 1455; x_wconf 89' lang='lat' dir='ltr'>calidis</span> <span class='ocrx_word' id='word_1_156' title='bbox 1342 1409 1487 1457; x_wconf 86' lang='lat' dir='ltr'>amnentur</span> <span class='ocrx_word' id='word_1_157' title='bbox 1496 1411 1594 1456; x_wconf 85' lang='lat' dir='ltr'>cuncta</span> <span class='ocrx_word' id='word_1_158' title='bbox 1605 1399 1722 1459; x_wconf 72' lang='lat' dir='ltr'>liuentia</span> 
     </span>
     <span class='ocr_line' id='line_1_14' title="bbox 185 1483 1647 1577; baseline 0.005 -39"><span class='ocrx_word' id='word_1_159' title='bbox 185 1506 243 1563; x_wconf 63' lang='lat' dir='ltr'>No„</span> <span class='ocrx_word' id='word_1_160' title='bbox 257 1506 345 1577; x_wconf 48' lang='lat' dir='ltr'>pm„</span> <span class='ocrx_word' id='word_1_161' title='bbox 356 1505 446 1559; x_wconf 55' lang='lat' dir='ltr'>wi„</span> <span class='ocrx_word' id='word_1_162' title='bbox 460 1503 603 1558; x_wconf 56' lang='lat' dir='ltr'>gemm</span> <span class='ocrx_word' id='word_1_163' title='bbox 616 1512 729 1557; x_wconf 57' lang='lat' dir='ltr'>gemm</span> <span class='ocrx_word' id='word_1_164' title='bbox 741 1508 834 1554; x_wconf 60' lang='lat' dir='ltr'>gurg„</span> <span class='ocrx_word' id='word_1_165' title='bbox 1026 1483 1122 1542; x_wconf 79' lang='lat' dir='ltr'>Postea</span> <span class='ocrx_word' id='word_1_166' title='bbox 1138 1485 1283 1542; x_wconf 88' lang='lat' dir='ltr'>distractus</span> <span class='ocrx_word' id='word_1_167' title='bbox 1295 1487 1424 1544; x_wconf 86' lang='lat' dir='ltr'>tundatur</span> <span class='ocrx_word' id='word_1_168' title='bbox 1436 1489 1540 1544; x_wconf 85' lang='lat' dir='ltr'>anseris</span> <span class='ocrx_word' id='word_1_169' title='bbox 1553 1489 1647 1559; x_wconf 84' lang='lat' dir='ltr'>adeps,</span> 
     </span>
     <span class='ocr_line' id='line_1_15' title="bbox 187 1575 1646 1661; baseline -0.004 -8"><span class='ocrx_word' id='word_1_170' title='bbox 187 1597 259 1653; x_wconf 87' lang='lat' dir='ltr'>Lana</span> <span class='ocrx_word' id='word_1_171' title='bbox 272 1596 384 1652; x_wconf 88' lang='lat' dir='ltr'>madens</span> <span class='ocrx_word' id='word_1_172' title='bbox 398 1595 469 1661; x_wconf 85' lang='lat' dir='ltr'>oleo,</span> <span class='ocrx_word' id='word_1_173' title='bbox 483 1606 533 1648; x_wconf 91' lang='lat' dir='ltr'>nec</span> <span class='ocrx_word' id='word_1_174' title='bbox 546 1606 599 1646; x_wconf 89' lang='lat' dir='ltr'>non</span> <span class='ocrx_word' id='word_1_175' title='bbox 612 1604 709 1646; x_wconf 85' lang='lat' dir='ltr'>succus</span> <span class='ocrx_word' id='word_1_176' title='bbox 723 1587 778 1644; x_wconf 86' lang='lat' dir='ltr'>ieni</span> <span class='ocrx_word' id='word_1_177' title='bbox 793 1584 892 1652; x_wconf 78' lang='lat' dir='ltr'>ornei,</span> <span class='ocrx_word' id='word_1_178' title='bbox 1028 1575 1062 1630; x_wconf 73' lang='lat' dir='ltr'>Ei</span> <span class='ocrx_word' id='word_1_179' title='bbox 1072 1577 1171 1633; x_wconf 60' lang='lat' dir='ltr'>illidii</span> <span class='ocrx_word' id='word_1_180' title='bbox 1184 1578 1264 1634; x_wconf 85' lang='lat' dir='ltr'>simui</span> <span class='ocrx_word' id='word_1_181' title='bbox 1278 1585 1368 1647; x_wconf 60' lang='lat' dir='ltr'>iiiiii</span> <span class='ocrx_word' id='word_1_182' title='bbox 1382 1579 1466 1637; x_wconf 63' lang='lat' dir='ltr'>virilia</span> <span class='ocrx_word' id='word_1_183' title='bbox 1482 1579 1534 1636; x_wconf 66' lang='lat' dir='ltr'>iiiii</span> <span class='ocrx_word' id='word_1_184' title='bbox 1550 1580 1646 1637; x_wconf 67' lang='lat' dir='ltr'>Giaeci·</span> 
     </span>
     <span class='ocr_line' id='line_1_16' title="bbox 185 1663 1750 1755; baseline -0.01 -13"><span class='ocrx_word' id='word_1_185' title='bbox 185 1687 250 1743; x_wconf 81' lang='lat' dir='ltr'>llaec</span> <span class='ocrx_word' id='word_1_186' title='bbox 264 1692 389 1755; x_wconf 89' lang='lat' dir='ltr'>reparant</span> <span class='ocrx_word' id='word_1_187' title='bbox 409 1681 589 1746; x_wconf 81' lang='lat' dir='ltr'>stomachum,</span> <span class='ocrx_word' id='word_1_188' title='bbox 606 1680 685 1735; x_wconf 89' lang='lat' dir='ltr'>datus</span> <span class='ocrx_word' id='word_1_189' title='bbox 699 1686 832 1749; x_wconf 89' lang='lat' dir='ltr'>potusque</span> <span class='ocrx_word' id='word_1_190' title='bbox 854 1670 975 1744; x_wconf 73' lang='lat' dir='ltr'>myricae,</span> <span class='ocrx_word' id='word_1_191' title='bbox 1027 1663 1082 1720; x_wconf 85' lang='lat' dir='ltr'>Nec</span> <span class='ocrx_word' id='word_1_192' title='bbox 1095 1668 1184 1721; x_wconf 88' lang='lat' dir='ltr'>minus</span> <span class='ocrx_word' id='word_1_193' title='bbox 1195 1666 1223 1721; x_wconf 91' lang='lat' dir='ltr'>in</span> <span class='ocrx_word' id='word_1_194' title='bbox 1238 1668 1348 1745; x_wconf 82' lang='lat' dir='ltr'>liquidis</span> <span class='ocrx_word' id='word_1_195' title='bbox 1361 1671 1488 1740; x_wconf 86' lang='lat' dir='ltr'>coquitur</span> <span class='ocrx_word' id='word_1_196' title='bbox 1499 1669 1541 1725; x_wconf 85' lang='lat' dir='ltr'>ris</span> <span class='ocrx_word' id='word_1_197' title='bbox 1560 1669 1617 1742; x_wconf 88' lang='lat' dir='ltr'>ipsa</span> <span class='ocrx_word' id='word_1_198' title='bbox 1631 1668 1750 1727; x_wconf 83' lang='lat' dir='ltr'>luentia.</span> 
     </span>
     <span class='ocr_line' id='line_1_17' title="bbox 185 1732 1814 1840; baseline -0.001 -9"><span class='ocrx_word' id='word_1_199' title='bbox 185 1777 330 1832; x_wconf 75' lang='lat' dir='ltr'>bettonicae</span> <span class='ocrx_word' id='word_1_200' title='bbox 342 1773 441 1830; x_wconf 86' lang='lat' dir='ltr'>celebri</span> <span class='ocrx_word' id='word_1_201' title='bbox 453 1772 569 1829; x_wconf 83' lang='lat' dir='ltr'>sociator</span> <span class='ocrx_word' id='word_1_202' title='bbox 582 1769 701 1827; x_wconf 84' lang='lat' dir='ltr'>brassica</span> <span class='ocrx_word' id='word_1_203' title='bbox 714 1764 841 1840; x_wconf 86' lang='lat' dir='ltr'>grandis,</span> <span class='ocrx_word' id='word_1_204' title='bbox 992 1732 1016 1798; x_wconf 51' lang='grc' dir='ltr'><strong><em>Β</em></strong></span> <span class='ocrx_word' id='word_1_205' title='bbox 1030 1755 1154 1814; x_wconf 63' lang='lat' dir='ltr'>Midili</span> <span class='ocrx_word' id='word_1_206' title='bbox 1165 1766 1193 1815; x_wconf 72' lang='lat'>0¹</span> <span class='ocrx_word' id='word_1_207' title='bbox 1205 1759 1328 1829; x_wconf 55' lang='lat' dir='ltr'>{filistim</span> <span class='ocrx_word' id='word_1_208' title='bbox 1344 1758 1475 1819; x_wconf 57' lang='lat' dir='ltr'>filiiflii</span> <span class='ocrx_word' id='word_1_209' title='bbox 1486 1759 1585 1833; x_wconf 57' lang='lat' dir='ltr'>diiii?</span> <span class='ocrx_word' id='word_1_210' title='bbox 1603 1762 1632 1817; x_wconf 87' lang='lat' dir='ltr'>in</span> <span class='ocrx_word' id='word_1_211' title='bbox 1644 1776 1736 1832; x_wconf 84' lang='lat' dir='ltr'>annm,</span> <span class='ocrx_word' id='word_1_212' title='bbox 1806 1814 1814 1819; x_wconf 91' lang='lat'>-</span> 
     </span>
     <span class='ocr_line' id='line_1_18' title="bbox 185 1848 1681 1936; baseline -0.007 -16"><span class='ocrx_word' id='word_1_213' title='bbox 185 1867 331 1936; x_wconf 86' lang='lat' dir='ltr'>iiapbanos</span> <span class='ocrx_word' id='word_1_214' title='bbox 351 1878 385 1920; x_wconf 85' lang='lat' dir='ltr'>er</span> <span class='ocrx_word' id='word_1_215' title='bbox 408 1862 505 1929; x_wconf 83' lang='lat' dir='ltr'>mulsa,</span> <span class='ocrx_word' id='word_1_216' title='bbox 519 1861 625 1917; x_wconf 87' lang='lat' dir='ltr'>dandus</span> <span class='ocrx_word' id='word_1_217' title='bbox 639 1858 722 1931; x_wconf 87' lang='lat' dir='ltr'>prasii</span> <span class='ocrx_word' id='word_1_218' title='bbox 746 1870 854 1928; x_wconf 91' lang='lat' dir='ltr'>quoqne</span> <span class='ocrx_word' id='word_1_219' title='bbox 867 1867 973 1911; x_wconf 88' lang='lat' dir='ltr'>soccus.</span> <span class='ocrx_word' id='word_1_220' title='bbox 1029 1849 1085 1916; x_wconf 84' lang='lat' dir='ltr'>Qua</span> <span class='ocrx_word' id='word_1_221' title='bbox 1101 1848 1199 1907; x_wconf 90' lang='lat' dir='ltr'>rirtute</span> <span class='ocrx_word' id='word_1_222' title='bbox 1212 1850 1295 1907; x_wconf 87' lang='lat' dir='ltr'>miser</span> <span class='ocrx_word' id='word_1_223' title='bbox 1310 1851 1408 1924; x_wconf 91' lang='lat' dir='ltr'>poterit</span> <span class='ocrx_word' id='word_1_224' title='bbox 1421 1867 1548 1924; x_wconf 85' lang='lat' dir='ltr'>reparare</span> <span class='ocrx_word' id='word_1_225' title='bbox 1560 1851 1681 1910; x_wconf 86' lang='lat' dir='ltr'>dolorem</span> 
     </span>
     <span class='ocr_line' id='line_1_19' title="bbox 185 1937 1771 2023; baseline -0.006 -12"><span class='ocrx_word' id='word_1_226' title='bbox 185 1957 306 2018; x_wconf 81' lang='lat' dir='ltr'>sumitur</span> <span class='ocrx_word' id='word_1_227' title='bbox 318 1963 347 2011; x_wconf 91' lang='lat' dir='ltr'>et</span> <span class='ocrx_word' id='word_1_228' title='bbox 356 1952 470 2010; x_wconf 88' lang='lat' dir='ltr'>celebris</span> <span class='ocrx_word' id='word_1_229' title='bbox 483 1952 563 2023; x_wconf 88' lang='lat' dir='ltr'>digne</span> <span class='ocrx_word' id='word_1_230' title='bbox 578 1949 743 2020; x_wconf 75' lang='lat' dir='ltr'>lelisphagus</span> <span class='ocrx_word' id='word_1_231' title='bbox 754 1945 858 2014; x_wconf 82' lang='lat' dir='ltr'>berba,&#39;</span> <span class='ocrx_word' id='word_1_232' title='bbox 1029 1937 1155 2010; x_wconf 62' lang='lat' dir='ltr'>squibala</span> <span class='ocrx_word' id='word_1_233' title='bbox 1169 1953 1249 2010; x_wconf 81' lang='lat' dir='ltr'>(tuem</span> <span class='ocrx_word' id='word_1_234' title='bbox 1261 1939 1362 1997; x_wconf 78' lang='lat' dir='ltr'>iaciunt</span> <span class='ocrx_word' id='word_1_235' title='bbox 1374 1941 1438 1997; x_wconf 83' lang='lat' dir='ltr'>dum</span> <span class='ocrx_word' id='word_1_236' title='bbox 1452 1957 1506 1998; x_wconf 83' lang='lat' dir='ltr'>uoti</span> <span class='ocrx_word' id='word_1_237' title='bbox 1518 1942 1555 1999; x_wconf 84' lang='lat' dir='ltr'>sii</span> <span class='ocrx_word' id='word_1_238' title='bbox 1564 1957 1630 1998; x_wconf 80' lang='lat' dir='ltr'>etin</span> <span class='ocrx_word' id='word_1_239' title='bbox 1644 1942 1771 2016; x_wconf 80' lang='lat' dir='ltr'>salubris,</span> 
     </span>
     <span class='ocr_line' id='line_1_20' title="bbox 186 2028 1703 2115; baseline -0.009 -10"><span class='ocrx_word' id='word_1_240' title='bbox 186 2048 288 2106; x_wconf 88' lang='lat' dir='ltr'>iiitima</span> <span class='ocrx_word' id='word_1_241' title='bbox 301 2045 341 2103; x_wconf 79' lang='lat' dir='ltr'>sic</span> <span class='ocrx_word' id='word_1_242' title='bbox 354 2045 461 2101; x_wconf 91' lang='lat' dir='ltr'>dabitur</span> <span class='ocrx_word' id='word_1_243' title='bbox 473 2056 578 2115; x_wconf 80' lang='lat' dir='ltr'>magnae</span> <span class='ocrx_word' id='word_1_244' title='bbox 593 2041 698 2099; x_wconf 87' lang='lat' dir='ltr'>curatio</span> <span class='ocrx_word' id='word_1_245' title='bbox 711 2038 785 2098; x_wconf 82' lang='lat' dir='ltr'>cedri</span> <span class='ocrx_word' id='word_1_246' title='bbox 800 2047 826 2096; x_wconf 82' lang='lat'>⁸.</span> <span class='ocrx_word' id='word_1_247' title='bbox 1029 2028 1135 2086; x_wconf 79' lang='lat' dir='ltr'>Claudii</span> <span class='ocrx_word' id='word_1_248' title='bbox 1147 2039 1175 2087; x_wconf 89' lang='lat' dir='ltr'>et</span> <span class='ocrx_word' id='word_1_249' title='bbox 1187 2039 1316 2102; x_wconf 85' lang='lat' dir='ltr'>angustos</span> <span class='ocrx_word' id='word_1_250' title='bbox 1331 2033 1460 2103; x_wconf 78' lang='lat' dir='ltr'>patientie</span> <span class='ocrx_word' id='word_1_251' title='bbox 1472 2030 1581 2088; x_wconf 87' lang='lat' dir='ltr'>ciroiera</span> <span class='ocrx_word' id='word_1_252' title='bbox 1596 2046 1703 2091; x_wconf 78' lang='lat' dir='ltr'>eumne.</span> 
     </span>
     <span class='ocr_line' id='line_1_21' title="bbox 407 2121 1709 2196; baseline -0.007 -6"><span class='ocrx_word' id='word_1_253' title='bbox 407 2135 453 2191; x_wconf 89' lang='lat' dir='ltr'>iil.</span> <span class='ocrx_word' id='word_1_254' title='bbox 473 2150 507 2189; x_wconf 82' lang='lat' dir='ltr'>nn</span> <span class='ocrx_word' id='word_1_255' title='bbox 526 2148 619 2190; x_wconf 81' lang='lat' dir='ltr'>connis</span> <span class='ocrx_word' id='word_1_256' title='bbox 637 2147 756 2189; x_wconf 84' lang='lat' dir='ltr'>nonoaa.</span> <span class='ocrx_word' id='word_1_257' title='bbox 1028 2121 1142 2179; x_wconf 81' lang='lat' dir='ltr'>Raditur</span> <span class='ocrx_word' id='word_1_258' title='bbox 1154 2133 1182 2179; x_wconf 91' lang='lat' dir='ltr'>et</span> <span class='ocrx_word' id='word_1_259' title='bbox 1194 2123 1289 2181; x_wconf 83' lang='lat' dir='ltr'>niveus</span> <span class='ocrx_word' id='word_1_260' title='bbox 1301 2124 1424 2195; x_wconf 76' lang='lat' dir='ltr'>clepunt,</span> <span class='ocrx_word' id='word_1_261' title='bbox 1439 2124 1531 2180; x_wconf 87' lang='lat' dir='ltr'>statim</span> <span class='ocrx_word' id='word_1_262' title='bbox 1545 2123 1709 2196; x_wconf 81' lang='lat' dir='ltr'>bibiturque,</span> 
     </span>
     <span class='ocr_line' id='line_1_22' title="bbox 185 2213 1638 2288; baseline -0.003 -11"><span class='ocrx_word' id='word_1_263' title='bbox 185 2220 252 2277; x_wconf 86' lang='lat' dir='ltr'>Gum</span> <span class='ocrx_word' id='word_1_264' title='bbox 268 2219 345 2276; x_wconf 92' lang='lat' dir='ltr'>dolor</span> <span class='ocrx_word' id='word_1_265' title='bbox 358 2219 468 2275; x_wconf 87' lang='lat' dir='ltr'>insanus</span> <span class='ocrx_word' id='word_1_266' title='bbox 481 2218 557 2274; x_wconf 90' lang='lat' dir='ltr'>lateri</span> <span class='ocrx_word' id='word_1_267' title='bbox 570 2216 718 2288; x_wconf 76' lang='lat' dir='ltr'>precordia</span> <span class='ocrx_word' id='word_1_268' title='bbox 733 2214 833 2286; x_wconf 90' lang='lat' dir='ltr'>puisat,</span> <span class='ocrx_word' id='word_1_269' title='bbox 1029 2213 1183 2286; x_wconf 86' lang='lat' dir='ltr'>liistnrquet</span> <span class='ocrx_word' id='word_1_270' title='bbox 1197 2223 1283 2271; x_wconf 88' lang='lat' dir='ltr'>tortos</span> <span class='ocrx_word' id='word_1_271' title='bbox 1298 2216 1376 2271; x_wconf 86' lang='lat' dir='ltr'>eitius</span> <span class='ocrx_word' id='word_1_272' title='bbox 1390 2216 1450 2271; x_wconf 79' lang='lat' dir='ltr'>bace</span> <span class='ocrx_word' id='word_1_273' title='bbox 1464 2215 1536 2272; x_wconf 87' lang='lat' dir='ltr'>datio</span> <span class='ocrx_word' id='word_1_274' title='bbox 1550 2225 1638 2286; x_wconf 89' lang='lat' dir='ltr'>potus.</span> 
     </span>
     <span class='ocr_line' id='line_1_23' title="bbox 187 2306 1675 2380; baseline 0 -14"><span class='ocrx_word' id='word_1_275' title='bbox 187 2313 220 2367; x_wconf 81' lang='lat' dir='ltr'>iit</span> <span class='ocrx_word' id='word_1_276' title='bbox 230 2312 318 2368; x_wconf 86' lang='lat' dir='ltr'>cordia</span> <span class='ocrx_word' id='word_1_277' title='bbox 333 2310 415 2367; x_wconf 88' lang='lat' dir='ltr'>libras</span> <span class='ocrx_word' id='word_1_278' title='bbox 428 2310 542 2367; x_wconf 90' lang='lat' dir='ltr'>muitum</span> <span class='ocrx_word' id='word_1_279' title='bbox 559 2308 637 2366; x_wconf 92' lang='lat' dir='ltr'>dolor</span> <span class='ocrx_word' id='word_1_280' title='bbox 650 2309 725 2380; x_wconf 90' lang='lat' dir='ltr'>angit</span> <span class='ocrx_word' id='word_1_281' title='bbox 738 2306 869 2373; x_wconf 85' lang='lat' dir='ltr'>acerbus.</span> <span class='ocrx_word' id='word_1_282' title='bbox 1030 2307 1175 2364; x_wconf 87' lang='lat' dir='ltr'>Sumuntur</span> <span class='ocrx_word' id='word_1_283' title='bbox 1186 2307 1265 2364; x_wconf 90' lang='lat' dir='ltr'>catuli</span> <span class='ocrx_word' id='word_1_284' title='bbox 1281 2316 1310 2365; x_wconf 92' lang='lat' dir='ltr'>ut</span> <span class='ocrx_word' id='word_1_285' title='bbox 1323 2307 1407 2363; x_wconf 87' lang='lat' dir='ltr'>iertur</span> <span class='ocrx_word' id='word_1_286' title='bbox 1424 2309 1468 2377; x_wconf 82' lang='lat' dir='ltr'>pin</span> <span class='ocrx_word' id='word_1_287' title='bbox 1481 2308 1585 2364; x_wconf 82' lang='lat' dir='ltr'>uiscera</span> <span class='ocrx_word' id='word_1_288' title='bbox 1598 2309 1675 2380; x_wconf 68' lang='lat' dir='ltr'>oeci,</span> 
     </span>
     <span class='ocr_line' id='line_1_24' title="bbox 185 2394 1745 2473; baseline -0.003 -15"><span class='ocrx_word' id='word_1_289' title='bbox 185 2402 247 2459; x_wconf 83' lang='lat' dir='ltr'>iiim</span> <span class='ocrx_word' id='word_1_290' title='bbox 257 2401 356 2458; x_wconf 86' lang='lat' dir='ltr'>dueota</span> <span class='ocrx_word' id='word_1_291' title='bbox 367 2401 463 2472; x_wconf 76' lang='lat' dir='ltr'>irruant</span> <span class='ocrx_word' id='word_1_292' title='bbox 471 2400 564 2473; x_wconf 78' lang='lat' dir='ltr'>iuncta</span> <span class='ocrx_word' id='word_1_293' title='bbox 577 2401 676 2458; x_wconf 81' lang='lat' dir='ltr'>virtute</span> <span class='ocrx_word' id='word_1_294' title='bbox 687 2399 796 2456; x_wconf 83' lang='lat' dir='ltr'>coralli.</span> <span class='ocrx_word' id='word_1_295' title='bbox 1029 2394 1118 2451; x_wconf 86' lang='lat' dir='ltr'>iioiiia</span> <span class='ocrx_word' id='word_1_296' title='bbox 1128 2396 1168 2451; x_wconf 86' lang='lat' dir='ltr'>eie</span> <span class='ocrx_word' id='word_1_297' title='bbox 1181 2396 1283 2452; x_wconf 87' lang='lat' dir='ltr'>terreris</span> <span class='ocrx_word' id='word_1_298' title='bbox 1296 2394 1478 2453; x_wconf 84' lang='lat' dir='ltr'>adhibendum</span> <span class='ocrx_word' id='word_1_299' title='bbox 1493 2398 1642 2454; x_wconf 86' lang='lat' dir='ltr'>metnbruia</span> <span class='ocrx_word' id='word_1_300' title='bbox 1659 2397 1745 2457; x_wconf 87' lang='lat' dir='ltr'>libris.</span> 
     </span>
     <span class='ocr_line' id='line_1_25' title="bbox 185 2483 1818 2565; baseline -0.003 -14"><span class='ocrx_word' id='word_1_301' title='bbox 185 2492 252 2551; x_wconf 82' lang='lat' dir='ltr'>Dein</span> <span class='ocrx_word' id='word_1_302' title='bbox 268 2493 394 2565; x_wconf 81' lang='lat' dir='ltr'>pipinella</span> <span class='ocrx_word' id='word_1_303' title='bbox 408 2492 476 2550; x_wconf 86' lang='lat' dir='ltr'>ieris</span> <span class='ocrx_word' id='word_1_304' title='bbox 486 2491 607 2550; x_wconf 86' lang='lat' dir='ltr'>sociatur</span> <span class='ocrx_word' id='word_1_305' title='bbox 617 2490 679 2562; x_wconf 78' lang='lat' dir='ltr'>iure</span> <span class='ocrx_word' id='word_1_306' title='bbox 693 2489 833 2548; x_wconf 85' lang='lat' dir='ltr'>marathri.</span> <span class='ocrx_word' id='word_1_307' title='bbox 1028 2484 1064 2540; x_wconf 85' lang='lat' dir='ltr'>Et</span> <span class='ocrx_word' id='word_1_308' title='bbox 1081 2484 1161 2542; x_wconf 89' lang='lat' dir='ltr'>dolor</span> <span class='ocrx_word' id='word_1_309' title='bbox 1172 2485 1259 2543; x_wconf 86' lang='lat' dir='ltr'>omnis</span> <span class='ocrx_word' id='word_1_310' title='bbox 1273 2484 1363 2542; x_wconf 79' lang='lat' dir='ltr'>babrae</span> <span class='ocrx_word' id='word_1_311' title='bbox 1378 2483 1503 2558; x_wconf 72' lang='lat' dir='ltr'>icosi..</span> <span class='ocrx_word' id='word_1_312' title='bbox 1518 2484 1775 2563; x_wconf 71' lang='lat' dir='ltr'>leoninamque</span> <span class='ocrx_word' id='word_1_313' title='bbox 1790 2489 1818 2547; x_wconf 88' lang='lat' dir='ltr'>in</span> 
     </span>
     <span class='ocr_line' id='line_1_26' title="bbox 185 2579 1819 2655; baseline -0.002 -13"><span class='ocrx_word' id='word_1_314' title='bbox 185 2584 316 2642; x_wconf 76' lang='lat' dir='ltr'>sizaduar</span> <span class='ocrx_word' id='word_1_315' title='bbox 327 2585 443 2655; x_wconf 82' lang='lat' dir='ltr'>capitor,</span> <span class='ocrx_word' id='word_1_316' title='bbox 459 2598 510 2641; x_wconf 92' lang='lat' dir='ltr'>nec</span> <span class='ocrx_word' id='word_1_317' title='bbox 523 2598 577 2642; x_wconf 89' lang='lat' dir='ltr'>non</span> <span class='ocrx_word' id='word_1_318' title='bbox 597 2592 721 2640; x_wconf 85' lang='lat' dir='ltr'>tanaceta</span> <span class='ocrx_word' id='word_1_319' title='bbox 736 2582 833 2648; x_wconf 81' lang='lat' dir='ltr'>virilia,</span> <span class='ocrx_word' id='word_1_320' title='bbox 1617 2579 1732 2655; x_wconf 78' lang='lat' dir='ltr'>[uiscera</span> <span class='ocrx_word' id='word_1_321' title='bbox 1750 2580 1819 2643; x_wconf 77' lang='lat' dir='ltr'>lissi.</span> 
     </span>
     <span class='ocr_line' id='line_1_27' title="bbox 184 2662 1783 2747; baseline 0.003 -16"><span class='ocrx_word' id='word_1_322' title='bbox 184 2677 249 2746; x_wconf 79' lang='lat' dir='ltr'>Quae</span> <span class='ocrx_word' id='word_1_323' title='bbox 262 2686 291 2734; x_wconf 80' lang='lat' dir='ltr'>aa</span> <span class='ocrx_word' id='word_1_324' title='bbox 304 2675 381 2733; x_wconf 85' lang='lat' dir='ltr'>aedat</span> <span class='ocrx_word' id='word_1_325' title='bbox 395 2662 483 2733; x_wconf 82' lang='lat' dir='ltr'>iebres</span> <span class='ocrx_word' id='word_1_326' title='bbox 496 2673 640 2747; x_wconf 75' lang='lat' dir='ltr'>cordisque</span> <span class='ocrx_word' id='word_1_327' title='bbox 653 2687 758 2731; x_wconf 83' lang='lat' dir='ltr'>uenena</span> <span class='ocrx_word' id='word_1_328' title='bbox 772 2671 901 2744; x_wconf 87' lang='lat' dir='ltr'>repnbat.</span> <span class='ocrx_word' id='word_1_329' title='bbox 1029 2667 1130 2728; x_wconf 81' lang='lat' dir='ltr'>Plinius</span> <span class='ocrx_word' id='word_1_330' title='bbox 1144 2667 1157 2711; x_wconf 74' lang='lat' dir='ltr'>i</span> <span class='ocrx_word' id='word_1_331' title='bbox 1172 2669 1198 2729; x_wconf 85' lang='lat' dir='ltr'>id</span> <span class='ocrx_word' id='word_1_332' title='bbox 1210 2679 1354 2742; x_wconf 80' lang='lat' dir='ltr'>memorat,</span> <span class='ocrx_word' id='word_1_333' title='bbox 1368 2673 1468 2733; x_wconf 77' lang='lat' dir='ltr'>ammos</span> <span class='ocrx_word' id='word_1_334' title='bbox 1482 2688 1564 2745; x_wconf 88' lang='lat' dir='ltr'>quero</span> <span class='ocrx_word' id='word_1_335' title='bbox 1574 2686 1635 2730; x_wconf 87' lang='lat' dir='ltr'>rera</span> <span class='ocrx_word' id='word_1_336' title='bbox 1653 2675 1783 2735; x_wconf 83' lang='lat' dir='ltr'>iocatum.</span> 
     </span>
     <span class='ocr_line' id='line_1_28' title="bbox 387 2761 1607 2825; baseline 0.003 -5"><span class='ocrx_word' id='word_1_337' title='bbox 387 2763 429 2820; x_wconf 82' lang='lat' dir='ltr'>ll.</span> <span class='ocrx_word' id='word_1_338' title='bbox 449 2781 484 2820; x_wconf 86' lang='lat' dir='ltr'>nn</span> <span class='ocrx_word' id='word_1_339' title='bbox 503 2778 670 2822; x_wconf 79' lang='lat' dir='ltr'>rnrnoascoa</span> <span class='ocrx_word' id='word_1_340' title='bbox 684 2779 764 2823; x_wconf 85' lang='lat' dir='ltr'>eunt.</span> <span class='ocrx_word' id='word_1_341' title='bbox 1240 2763 1311 2822; x_wconf 85' lang='lat' dir='ltr'>littt.</span> <span class='ocrx_word' id='word_1_342' title='bbox 1331 2780 1365 2825; x_wconf 84' lang='lat' dir='ltr'>nn</span> <span class='ocrx_word' id='word_1_343' title='bbox 1383 2761 1510 2823; x_wconf 81' lang='lat' dir='ltr'>nroaorn</span> <span class='ocrx_word' id='word_1_344' title='bbox 1528 2781 1607 2824; x_wconf 82' lang='lat' dir='ltr'>cun.</span> 
     </span>
     <span class='ocr_line' id='line_1_29' title="bbox 186 2853 1810 2930; baseline 0.002 -19"><span class='ocrx_word' id='word_1_345' title='bbox 186 2854 222 2911; x_wconf 79' lang='lat' dir='ltr'>tt</span> <span class='ocrx_word' id='word_1_346' title='bbox 232 2855 255 2912; x_wconf 90' lang='lat' dir='ltr'>si</span> <span class='ocrx_word' id='word_1_347' title='bbox 271 2853 340 2912; x_wconf 88' lang='lat' dir='ltr'>iorte</span> <span class='ocrx_word' id='word_1_348' title='bbox 352 2854 426 2927; x_wconf 88' lang='lat' dir='ltr'>pium</span> <span class='ocrx_word' id='word_1_349' title='bbox 440 2853 509 2911; x_wconf 78' lang='lat' dir='ltr'>istus</span> <span class='ocrx_word' id='word_1_350' title='bbox 525 2854 672 2925; x_wconf 79' lang='lat' dir='ltr'>pulsaverit</span> <span class='ocrx_word' id='word_1_351' title='bbox 684 2854 778 2930; x_wconf 87' lang='lat' dir='ltr'>ingens</span> <span class='ocrx_word' id='word_1_352' title='bbox 1029 2855 1068 2914; x_wconf 73' lang='lat' dir='ltr'>da</span> <span class='ocrx_word' id='word_1_353' title='bbox 1080 2856 1181 2928; x_wconf 77' lang='lat' dir='ltr'>scyrosi</span> <span class='ocrx_word' id='word_1_354' title='bbox 1196 2855 1298 2926; x_wconf 86' lang='lat' dir='ltr'>splenis</span> <span class='ocrx_word' id='word_1_355' title='bbox 1311 2858 1434 2914; x_wconf 85' lang='lat' dir='ltr'>mortalis</span> <span class='ocrx_word' id='word_1_356' title='bbox 1446 2859 1566 2916; x_wconf 89' lang='lat' dir='ltr'>nascitur</span> <span class='ocrx_word' id='word_1_357' title='bbox 1580 2860 1688 2928; x_wconf 81' lang='lat' dir='ltr'>immor,</span> <span class='ocrx_word' id='word_1_358' title='bbox 1808 2884 1810 2889; x_wconf 96' lang='lat'>·</span> 
     </span>
     <span class='ocr_line' id='line_1_30' title="bbox 96 2941 1738 3021; baseline 0.003 -19"><span class='ocrx_word' id='word_1_359' title='bbox 96 2985 99 2989; x_wconf 90' lang='lat'>-</span> <span class='ocrx_word' id='word_1_360' title='bbox 188 2945 307 3012; x_wconf 84' lang='lat' dir='ltr'>limbus,</span> <span class='ocrx_word' id='word_1_361' title='bbox 322 2955 349 3003; x_wconf 95' lang='lat' dir='ltr'>et</span> <span class='ocrx_word' id='word_1_362' title='bbox 361 2941 470 3017; x_wconf 89' lang='lat' dir='ltr'>ancipiti</span> <span class='ocrx_word' id='word_1_363' title='bbox 484 2943 606 3003; x_wconf 90' lang='lat' dir='ltr'>turbatur</span> <span class='ocrx_word' id='word_1_364' title='bbox 621 2943 674 3001; x_wconf 88' lang='lat' dir='ltr'>rita</span> <span class='ocrx_word' id='word_1_365' title='bbox 687 2943 800 3016; x_wconf 80' lang='lat' dir='ltr'>periclo,</span> <span class='ocrx_word' id='word_1_366' title='bbox 1029 2946 1064 3003; x_wconf 73' lang='lat' dir='ltr'>lit</span> <span class='ocrx_word' id='word_1_367' title='bbox 1073 2957 1196 3020; x_wconf 83' lang='lat' dir='ltr'>segregat</span> <span class='ocrx_word' id='word_1_368' title='bbox 1208 2949 1335 3005; x_wconf 83' lang='lat' dir='ltr'>miseram</span> <span class='ocrx_word' id='word_1_369' title='bbox 1350 2948 1450 3005; x_wconf 88' lang='lat' dir='ltr'>misero</span> <span class='ocrx_word' id='word_1_370' title='bbox 1465 2948 1499 3009; x_wconf 84' lang='lat' dir='ltr'>de</span> <span class='ocrx_word' id='word_1_371' title='bbox 1511 2950 1616 3007; x_wconf 84' lang='lat' dir='ltr'>viscere</span> <span class='ocrx_word' id='word_1_372' title='bbox 1629 2951 1738 3021; x_wconf 75' lang='lat' dir='ltr'>peibm,</span> 
     </span>
     <span class='ocr_line' id='line_1_31' title="bbox 186 3034 1744 3110; baseline 0.004 -18"><span class='ocrx_word' id='word_1_373' title='bbox 186 3036 346 3094; x_wconf 76' lang='lat' dir='ltr'>Accelerare</span> <span class='ocrx_word' id='word_1_374' title='bbox 366 3036 420 3109; x_wconf 92' lang='lat' dir='ltr'>lupi</span> <span class='ocrx_word' id='word_1_375' title='bbox 436 3035 532 3107; x_wconf 86' lang='lat' dir='ltr'>pellem</span> <span class='ocrx_word' id='word_1_376' title='bbox 546 3036 673 3106; x_wconf 86' lang='lat' dir='ltr'>studeas,</span> <span class='ocrx_word' id='word_1_377' title='bbox 690 3045 718 3093; x_wconf 94' lang='lat' dir='ltr'>et</span> <span class='ocrx_word' id='word_1_378' title='bbox 738 3048 840 3107; x_wconf 87' lang='lat' dir='ltr'>ponere</span> <span class='ocrx_word' id='word_1_379' title='bbox 858 3034 975 3101; x_wconf 83' lang='lat' dir='ltr'>caldam,</span> <span class='ocrx_word' id='word_1_380' title='bbox 1028 3038 1167 3109; x_wconf 76' lang='lat' dir='ltr'>Tantaque</span> <span class='ocrx_word' id='word_1_381' title='bbox 1181 3039 1221 3096; x_wconf 88' lang='lat' dir='ltr'>ria</span> <span class='ocrx_word' id='word_1_382' title='bbox 1235 3038 1386 3110; x_wconf 79' lang='lat' dir='ltr'>sambiam,</span> <span class='ocrx_word' id='word_1_383' title='bbox 1401 3040 1497 3098; x_wconf 83' lang='lat' dir='ltr'>sitiens</span> <span class='ocrx_word' id='word_1_384' title='bbox 1510 3050 1540 3096; x_wconf 92' lang='lat' dir='ltr'>ut</span> <span class='ocrx_word' id='word_1_385' title='bbox 1553 3054 1607 3098; x_wconf 85' lang='lat' dir='ltr'>nnn</span> <span class='ocrx_word' id='word_1_386' title='bbox 1621 3042 1744 3099; x_wconf 85' lang='lat' dir='ltr'>satietur.</span> 
     </span>
     <span class='ocr_line' id='line_1_32' title="bbox 185 3127 1652 3204; baseline 0.003 -20"><span class='ocrx_word' id='word_1_387' title='bbox 185 3128 263 3184; x_wconf 79' lang='lat' dir='ltr'>tierri</span> <span class='ocrx_word' id='word_1_388' title='bbox 277 3136 304 3184; x_wconf 92' lang='lat' dir='ltr'>et</span> <span class='ocrx_word' id='word_1_389' title='bbox 317 3128 460 3187; x_wconf 87' lang='lat' dir='ltr'>medullam</span> <span class='ocrx_word' id='word_1_390' title='bbox 476 3129 575 3199; x_wconf 87' lang='lat' dir='ltr'>poteris</span> <span class='ocrx_word' id='word_1_391' title='bbox 588 3144 650 3186; x_wconf 90' lang='lat' dir='ltr'>cum</span> <span class='ocrx_word' id='word_1_392' title='bbox 671 3127 790 3203; x_wconf 89' lang='lat' dir='ltr'>unguine</span> <span class='ocrx_word' id='word_1_393' title='bbox 801 3128 887 3198; x_wconf 86' lang='lat' dir='ltr'>capri.</span> <span class='ocrx_word' id='word_1_394' title='bbox 1029 3129 1176 3191; x_wconf 74' lang='lat' dir='ltr'>Sumuntur</span> <span class='ocrx_word' id='word_1_395' title='bbox 1186 3130 1290 3187; x_wconf 84' lang='lat' dir='ltr'>cineres</span> <span class='ocrx_word' id='word_1_396' title='bbox 1305 3143 1374 3202; x_wconf 89' lang='lat' dir='ltr'>quos</span> <span class='ocrx_word' id='word_1_397' title='bbox 1384 3131 1439 3186; x_wconf 88' lang='lat' dir='ltr'>nrit</span> <span class='ocrx_word' id='word_1_398' title='bbox 1452 3128 1575 3187; x_wconf 85' lang='lat' dir='ltr'>iraxinua</span> <span class='ocrx_word' id='word_1_399' title='bbox 1587 3132 1652 3204; x_wconf 81' lang='lat' dir='ltr'>alta,</span> 
     </span>
     <span class='ocr_line' id='line_1_33' title="bbox 185 3208 1607 3294; baseline 0 -18"><span class='ocrx_word' id='word_1_400' title='bbox 185 3219 313 3278; x_wconf 81' lang='lat' dir='ltr'>Protinus</span> <span class='ocrx_word' id='word_1_401' title='bbox 327 3221 355 3276; x_wconf 94' lang='lat' dir='ltr'>in</span> <span class='ocrx_word' id='word_1_402' title='bbox 369 3221 469 3277; x_wconf 84' lang='lat' dir='ltr'>cacabo</span> <span class='ocrx_word' id='word_1_403' title='bbox 483 3221 633 3289; x_wconf 86' lang='lat' dir='ltr'>mittantur,</span> <span class='ocrx_word' id='word_1_404' title='bbox 652 3222 767 3294; x_wconf 87' lang='lat' dir='ltr'>igneque</span> <span class='ocrx_word' id='word_1_405' title='bbox 780 3208 863 3288; x_wconf 88' lang='lat' dir='ltr'>lento,</span> <span class='ocrx_word' id='word_1_406' title='bbox 1029 3219 1069 3277; x_wconf 82' lang='lat' dir='ltr'>Er</span> <span class='ocrx_word' id='word_1_407' title='bbox 1083 3220 1124 3277; x_wconf 88' lang='lat' dir='ltr'>bis</span> <span class='ocrx_word' id='word_1_408' title='bbox 1136 3219 1232 3277; x_wconf 87' lang='lat' dir='ltr'>iiacira</span> <span class='ocrx_word' id='word_1_409' title='bbox 1246 3219 1407 3292; x_wconf 80' lang='lat' dir='ltr'>tranguntur</span> <span class='ocrx_word' id='word_1_410' title='bbox 1415 3218 1516 3276; x_wconf 80' lang='lat' dir='ltr'>hordea</span> <span class='ocrx_word' id='word_1_411' title='bbox 1529 3219 1607 3288; x_wconf 85' lang='lat' dir='ltr'>dura,</span> 
     </span>
     <span class='ocr_line' id='line_1_34' title="bbox 186 3301 1653 3382; baseline -0.001 -15"><span class='ocrx_word' id='word_1_412' title='bbox 186 3312 235 3367; x_wconf 82' lang='lat' dir='ltr'>Pir</span> <span class='ocrx_word' id='word_1_413' title='bbox 251 3311 351 3382; x_wconf 88' lang='lat' dir='ltr'>pariter</span> <span class='ocrx_word' id='word_1_414' title='bbox 364 3310 442 3367; x_wconf 88' lang='lat' dir='ltr'>britia</span> <span class='ocrx_word' id='word_1_415' title='bbox 456 3312 575 3371; x_wconf 81' lang='lat' dir='ltr'>aoeiemr</span> <span class='ocrx_word' id='word_1_416' title='bbox 588 3312 819 3382; x_wconf 80' lang='lat' dir='ltr'>decoquaturque,</span> <span class='ocrx_word' id='word_1_417' title='bbox 897 3301 901 3308; x_wconf 83' lang='grc'>’</span> <span class='ocrx_word' id='word_1_418' title='bbox 1027 3308 1073 3367; x_wconf 86' lang='lat' dir='ltr'>iiis</span> <span class='ocrx_word' id='word_1_419' title='bbox 1086 3309 1167 3365; x_wconf 87' lang='lat' dir='ltr'>sirnul</span> <span class='ocrx_word' id='word_1_420' title='bbox 1181 3311 1300 3367; x_wconf 82' lang='lat' dir='ltr'>excocds</span> <span class='ocrx_word' id='word_1_421' title='bbox 1313 3309 1382 3367; x_wconf 84' lang='lat' dir='ltr'>lidos</span> <span class='ocrx_word' id='word_1_422' title='bbox 1393 3322 1527 3381; x_wconf 85' lang='lat' dir='ltr'>compone</span> <span class='ocrx_word' id='word_1_423' title='bbox 1538 3309 1653 3379; x_wconf 82' lang='lat' dir='ltr'>dolenti,</span> 
     </span>
     <span class='ocr_line' id='line_1_35' title="bbox 185 3399 1787 3474; baseline 0.002 -16"><span class='ocrx_word' id='word_1_424' title='bbox 185 3399 279 3458; x_wconf 78' lang='lat' dir='ltr'>Farris</span> <span class='ocrx_word' id='word_1_425' title='bbox 292 3408 320 3457; x_wconf 91' lang='lat' dir='ltr'>et</span> <span class='ocrx_word' id='word_1_426' title='bbox 333 3399 391 3471; x_wconf 89' lang='lat' dir='ltr'>ipsa</span> <span class='ocrx_word' id='word_1_427' title='bbox 404 3401 492 3471; x_wconf 88' lang='lat' dir='ltr'>lupina</span> <span class='ocrx_word' id='word_1_428' title='bbox 506 3401 597 3470; x_wconf 83' lang='lat' dir='ltr'>simui,</span> <span class='ocrx_word' id='word_1_429' title='bbox 612 3409 641 3458; x_wconf 91' lang='lat' dir='ltr'>et</span> <span class='ocrx_word' id='word_1_430' title='bbox 652 3415 706 3458; x_wconf 88' lang='lat' dir='ltr'>non</span> <span class='ocrx_word' id='word_1_431' title='bbox 719 3403 779 3456; x_wconf 86' lang='lat' dir='ltr'>sine</span> <span class='ocrx_word' id='word_1_432' title='bbox 791 3412 884 3456; x_wconf 86' lang='lat' dir='ltr'>croco.</span> <span class='ocrx_word' id='word_1_433' title='bbox 1026 3401 1172 3474; x_wconf 85' lang='lat' dir='ltr'>liapbanus</span> <span class='ocrx_word' id='word_1_434' title='bbox 1184 3417 1220 3459; x_wconf 82' lang='lat' dir='ltr'>ex</span> <span class='ocrx_word' id='word_1_435' title='bbox 1232 3401 1307 3460; x_wconf 87' lang='lat' dir='ltr'>tirrici</span> <span class='ocrx_word' id='word_1_436' title='bbox 1320 3400 1462 3459; x_wconf 82' lang='lat' dir='ltr'>mandatur</span> <span class='ocrx_word' id='word_1_437' title='bbox 1475 3401 1575 3472; x_wconf 88' lang='lat' dir='ltr'>optima</span> <span class='ocrx_word' id='word_1_438' title='bbox 1590 3403 1682 3474; x_wconf 78' lang='lat' dir='ltr'>maiia,</span> <span class='ocrx_word' id='word_1_439' title='bbox 1785 3429 1787 3433; x_wconf 41' lang='lat'><strong>¹</strong></span> 
     </span>
     <span class='ocr_line' id='line_1_36' title="bbox 185 3489 1657 3573; baseline 0.003 -26"><span class='ocrx_word' id='word_1_440' title='bbox 185 3492 283 3562; x_wconf 85' lang='lat' dir='ltr'>Sicque</span> <span class='ocrx_word' id='word_1_441' title='bbox 298 3491 428 3564; x_wconf 87' lang='lat' dir='ltr'>malagma</span> <span class='ocrx_word' id='word_1_442' title='bbox 442 3494 514 3562; x_wconf 88' lang='lat' dir='ltr'>pium</span> <span class='ocrx_word' id='word_1_443' title='bbox 528 3493 622 3550; x_wconf 81' lang='lat' dir='ltr'>morbo</span> <span class='ocrx_word' id='word_1_444' title='bbox 633 3493 763 3565; x_wconf 83' lang='lat' dir='ltr'>jungatur</span> <span class='ocrx_word' id='word_1_445' title='bbox 776 3489 888 3558; x_wconf 86' lang='lat' dir='ltr'>acerbo,</span> <span class='ocrx_word' id='word_1_446' title='bbox 1026 3492 1109 3565; x_wconf 80' lang='lat' dir='ltr'>cuins</span> <span class='ocrx_word' id='word_1_447' title='bbox 1120 3508 1154 3551; x_wconf 80' lang='lat' dir='ltr'>ea</span> <span class='ocrx_word' id='word_1_448' title='bbox 1167 3494 1239 3549; x_wconf 84' lang='lat' dir='ltr'>loliis</span> <span class='ocrx_word' id='word_1_449' title='bbox 1253 3493 1390 3565; x_wconf 77' lang='lat' dir='ltr'>epithema</span> <span class='ocrx_word' id='word_1_450' title='bbox 1403 3491 1546 3573; x_wconf 83' lang='lat' dir='ltr'>appopitur</span> <span class='ocrx_word' id='word_1_451' title='bbox 1557 3493 1657 3564; x_wconf 82' lang='lat' dir='ltr'>ipsum.</span> 
     </span>
     <span class='ocr_line' id='line_1_37' title="bbox 185 3581 1682 3664; baseline 0.003 -24"><span class='ocrx_word' id='word_1_452' title='bbox 185 3587 245 3651; x_wconf 76' lang='lat' dir='ltr'>Quo</span> <span class='ocrx_word' id='word_1_453' title='bbox 256 3584 363 3655; x_wconf 86' lang='lat' dir='ltr'>requies</span> <span class='ocrx_word' id='word_1_454' title='bbox 376 3583 456 3642; x_wconf 86' lang='lat' dir='ltr'>detur</span> <span class='ocrx_word' id='word_1_455' title='bbox 469 3586 569 3643; x_wconf 86' lang='lat' dir='ltr'>misero</span> <span class='ocrx_word' id='word_1_456' title='bbox 583 3586 694 3664; x_wconf 85' lang='lat' dir='ltr'>nimium</span> <span class='ocrx_word' id='word_1_457' title='bbox 706 3587 849 3644; x_wconf 87' lang='lat' dir='ltr'>laboranti.</span> <span class='ocrx_word' id='word_1_458' title='bbox 1025 3583 1160 3656; x_wconf 86' lang='lat' dir='ltr'>sulphura</span> <span class='ocrx_word' id='word_1_459' title='bbox 1171 3598 1235 3643; x_wconf 85' lang='lat' dir='ltr'>cunr</span> <span class='ocrx_word' id='word_1_460' title='bbox 1249 3584 1334 3641; x_wconf 87' lang='lat' dir='ltr'>reteri</span> <span class='ocrx_word' id='word_1_461' title='bbox 1348 3581 1591 3657; x_wconf 85' lang='lat' dir='ltr'>potantur&#39;ierrida</span> <span class='ocrx_word' id='word_1_462' title='bbox 1603 3584 1682 3644; x_wconf 84' lang='lat' dir='ltr'>rino:</span> 
     </span>
     <span class='ocr_line' id='line_1_38' title="bbox 186 3675 1823 3750; baseline 0.003 -19"><span class='ocrx_word' id='word_1_463' title='bbox 186 3675 220 3731; x_wconf 81' lang='lat' dir='ltr'>Et</span> <span class='ocrx_word' id='word_1_464' title='bbox 234 3675 328 3732; x_wconf 81' lang='lat' dir='ltr'>vitium</span> <span class='ocrx_word' id='word_1_465' title='bbox 342 3675 418 3736; x_wconf 92' lang='lat' dir='ltr'>neiiit</span> <span class='ocrx_word' id='word_1_466' title='bbox 428 3676 542 3735; x_wconf 84' lang='lat' dir='ltr'>celebris</span> <span class='ocrx_word' id='word_1_467' title='bbox 554 3677 688 3735; x_wconf 85' lang='lat' dir='ltr'>medicina</span> <span class='ocrx_word' id='word_1_468' title='bbox 701 3678 831 3737; x_wconf 82' lang='lat' dir='ltr'>Tonantis</span> <span class='ocrx_word' id='word_1_469' title='bbox 844 3677 872 3736; x_wconf 71' lang='lat' dir='ltr'>i.</span> <span class='ocrx_word' id='word_1_470' title='bbox 1023 3677 1080 3736; x_wconf 85' lang='lat' dir='ltr'>lieo</span> <span class='ocrx_word' id='word_1_471' title='bbox 1093 3675 1183 3735; x_wconf 84' lang='lat' dir='ltr'>minna</span> <span class='ocrx_word' id='word_1_472' title='bbox 1194 3691 1229 3734; x_wconf 84' lang='lat' dir='ltr'>ex</span> <span class='ocrx_word' id='word_1_473' title='bbox 1242 3675 1309 3749; x_wconf 86' lang='lat' dir='ltr'>ipsis</span> <span class='ocrx_word' id='word_1_474' title='bbox 1322 3677 1457 3748; x_wconf 79' lang='lat' dir='ltr'>epithema</span> <span class='ocrx_word' id='word_1_475' title='bbox 1470 3679 1713 3750; x_wconf 84' lang='lat' dir='ltr'>apponetunaenti.</span> <span class='ocrx_word' id='word_1_476' title='bbox 1820 3724 1823 3730; x_wconf 93' lang='lat'><em>.</em></span> 
     </span>
     <span class='ocr_line' id='line_1_39' title="bbox 416 3757 1889 3845; baseline 0.008 -23"><span class='ocrx_word' id='word_1_477' title='bbox 416 3763 516 3822; x_wconf 83' lang='lat' dir='ltr'>ilinc</span> <span class='ocrx_word' id='word_1_478' title='bbox 530 3781 637 3824; x_wconf 76' lang='lat' dir='ltr'>aratura</span> <span class='ocrx_word' id='word_1_479' title='bbox 655 3783 737 3827; x_wconf 85' lang='lat' dir='ltr'>cons.</span> <span class='ocrx_word' id='word_1_480' title='bbox 994 3774 996 3779; x_wconf 83' lang='grc'>’</span> <span class='ocrx_word' id='word_1_481' title='bbox 1027 3757 1825 3845; x_wconf 65' lang='lat' dir='ltr'>ttecseqroatneptentssoirrnc&#39;tgnpbmquoqueaiocaat.</span> <span class='ocrx_word' id='word_1_482' title='bbox 1887 3773 1889 3777; x_wconf 77' lang='grc'><strong>’</strong></span> 
     </span>
     <span class='ocr_line' id='line_1_40' title="bbox 187 3854 1620 3929; baseline 0.004 -17"><span class='ocrx_word' id='word_1_483' title='bbox 187 3854 270 3927; x_wconf 82' lang='lat' dir='ltr'>Spien</span> <span class='ocrx_word' id='word_1_484' title='bbox 293 3855 411 3912; x_wconf 88' lang='lat' dir='ltr'>tumidus</span> <span class='ocrx_word' id='word_1_485' title='bbox 426 3854 561 3913; x_wconf 87' lang='lat' dir='ltr'>bominem</span> <span class='ocrx_word' id='word_1_486' title='bbox 579 3857 713 3929; x_wconf 85' lang='lat' dir='ltr'>plaustum</span> <span class='ocrx_word' id='word_1_487' title='bbox 728 3867 741 3899; x_wconf 59' lang='grc' dir='ltr'>θ</span> <span class='ocrx_word' id='word_1_488' title='bbox 755 3873 817 3917; x_wconf 85' lang='lat' dir='ltr'>cum</span> <span class='ocrx_word' id='word_1_489' title='bbox 836 3858 905 3916; x_wconf 90' lang='lat' dir='ltr'>iurte</span> <span class='ocrx_word' id='word_1_490' title='bbox 917 3872 977 3918; x_wconf 86' lang='lat' dir='ltr'>ron·</span> <span class='ocrx_word' id='word_1_491' title='bbox 1303 3857 1374 3918; x_wconf 81' lang='lat' dir='ltr'>itti.</span> <span class='ocrx_word' id='word_1_492' title='bbox 1392 3876 1429 3918; x_wconf 77' lang='lat' dir='ltr'>aa</span> <span class='ocrx_word' id='word_1_493' title='bbox 1445 3875 1546 3918; x_wconf 81' lang='lat' dir='ltr'>amata.</span> <span class='ocrx_word' id='word_1_494' title='bbox 1617 3890 1620 3894; x_wconf 41' lang='lat'><strong>⁴</strong></span> 
     </span>
     <span class='ocr_line' id='line_1_41' title="bbox 836 3950 1721 4026; baseline 0.006 -17"><span class='ocrx_word' id='word_1_495' title='bbox 836 3950 940 4026; x_wconf 65' lang='lat' dir='ltr'>[inumb</span> <span class='ocrx_word' id='word_1_496' title='bbox 1027 3952 1137 4012; x_wconf 82' lang='lat' dir='ltr'>Putrida</span> <span class='ocrx_word' id='word_1_497' title='bbox 1150 3952 1307 4026; x_wconf 84' lang='lat' dir='ltr'>sanguineis</span> <span class='ocrx_word' id='word_1_498' title='bbox 1318 3954 1433 4024; x_wconf 85' lang='lat' dir='ltr'>gliscunt</span> <span class='ocrx_word' id='word_1_499' title='bbox 1445 3954 1471 4011; x_wconf 86' lang='lat' dir='ltr'>ai</span> <span class='ocrx_word' id='word_1_500' title='bbox 1484 3957 1594 4015; x_wconf 76' lang='lat' dir='ltr'>vulnera</span> <span class='ocrx_word' id='word_1_501' title='bbox 1608 3955 1721 4024; x_wconf 83' lang='lat' dir='ltr'>morbis,</span> 
     </span>
     <span class='ocr_line' id='line_1_42' title="bbox 186 4034 1674 4117; baseline 0.007 -25"><span class='ocrx_word' id='word_1_502' title='bbox 186 4034 352 4093; x_wconf 84' lang='lat' dir='ltr'>Bettonicarn</span> <span class='ocrx_word' id='word_1_503' title='bbox 362 4036 466 4107; x_wconf 89' lang='lat' dir='ltr'>coquis,</span> <span class='ocrx_word' id='word_1_504' title='bbox 482 4045 508 4092; x_wconf 86' lang='lat' dir='ltr'>et</span> <span class='ocrx_word' id='word_1_505' title='bbox 524 4035 611 4093; x_wconf 86' lang='lat' dir='ltr'>socias</span> <span class='ocrx_word' id='word_1_506' title='bbox 628 4043 738 4109; x_wconf 86' lang='lat' dir='ltr'>purgata</span> <span class='ocrx_word' id='word_1_507' title='bbox 753 4037 903 4107; x_wconf 72' lang='lat' dir='ltr'>culumbae,</span> <span class='ocrx_word' id='word_1_508' title='bbox 1026 4043 1174 4104; x_wconf 58' lang='lat' dir='ltr'>&amp;naenias</span> <span class='ocrx_word' id='word_1_509' title='bbox 1185 4045 1301 4105; x_wconf 80' lang='lat' dir='ltr'>eaiirlurn</span> <span class='ocrx_word' id='word_1_510' title='bbox 1314 4045 1384 4103; x_wconf 88' lang='lat' dir='ltr'>laete</span> <span class='ocrx_word' id='word_1_511' title='bbox 1398 4053 1410 4083; x_wconf 80' lang='lat'><em>⁰</em></span> <span class='ocrx_word' id='word_1_512' title='bbox 1423 4053 1520 4117; x_wconf 89' lang='lat' dir='ltr'>potare</span> <span class='ocrx_word' id='word_1_513' title='bbox 1533 4047 1674 4117; x_wconf 88' lang='lat' dir='ltr'>caprinum</span> 
     </span>
     <span class='ocr_line' id='line_1_43' title="bbox 186 4130 1700 4207; baseline 0.007 -21"><span class='ocrx_word' id='word_1_514' title='bbox 186 4133 251 4200; x_wconf 79' lang='lat' dir='ltr'>Qun</span> <span class='ocrx_word' id='word_1_515' title='bbox 265 4132 318 4187; x_wconf 88' lang='lat' dir='ltr'>duo</span> <span class='ocrx_word' id='word_1_516' title='bbox 327 4130 420 4203; x_wconf 84' lang='lat' dir='ltr'>juncta</span> <span class='ocrx_word' id='word_1_517' title='bbox 436 4130 515 4187; x_wconf 83' lang='lat' dir='ltr'>simui</span> <span class='ocrx_word' id='word_1_518' title='bbox 529 4141 643 4203; x_wconf 86' lang='lat' dir='ltr'>poscunt</span> <span class='ocrx_word' id='word_1_519' title='bbox 654 4130 731 4203; x_wconf 74' lang='lat' dir='ltr'>iringi</span> <span class='ocrx_word' id='word_1_520' title='bbox 741 4130 921 4202; x_wconf 78' lang='lat' dir='ltr'>cephalotam,</span> <span class='ocrx_word' id='word_1_521' title='bbox 1025 4135 1082 4193; x_wconf 86' lang='lat' dir='ltr'>lieo</span> <span class='ocrx_word' id='word_1_522' title='bbox 1093 4136 1181 4193; x_wconf 83' lang='lat' dir='ltr'>ninus</span> <span class='ocrx_word' id='word_1_523' title='bbox 1191 4150 1228 4192; x_wconf 82' lang='lat' dir='ltr'>ex</span> <span class='ocrx_word' id='word_1_524' title='bbox 1237 4136 1315 4193; x_wconf 86' lang='lat' dir='ltr'>asina</span> <span class='ocrx_word' id='word_1_525' title='bbox 1329 4135 1439 4194; x_wconf 81' lang='lat' dir='ltr'>solvont</span> <span class='ocrx_word' id='word_1_526' title='bbox 1449 4147 1588 4207; x_wconf 83' lang='lat' dir='ltr'>apostema</span> <span class='ocrx_word' id='word_1_527' title='bbox 1600 4138 1700 4196; x_wconf 82' lang='lat' dir='ltr'>dirum.</span> 
     </span>
     <span class='ocr_line' id='line_1_44' title="bbox 186 4221 1616 4292; baseline 0.005 -16"><span class='ocrx_word' id='word_1_528' title='bbox 186 4221 390 4292; x_wconf 78' lang='lat' dir='ltr'>Rosaeeumque</span> <span class='ocrx_word' id='word_1_529' title='bbox 403 4221 508 4288; x_wconf 80' lang='lat' dir='ltr'>oicum3</span> <span class='ocrx_word' id='word_1_530' title='bbox 523 4233 616 4280; x_wconf 91' lang='lat' dir='ltr'>certus</span> <span class='ocrx_word' id='word_1_531' title='bbox 629 4223 669 4280; x_wconf 88' lang='lat' dir='ltr'>sic</span> <span class='ocrx_word' id='word_1_532' title='bbox 686 4223 793 4281; x_wconf 85' lang='lat' dir='ltr'>madida</span> <span class='ocrx_word' id='word_1_533' title='bbox 807 4225 905 4281; x_wconf 89' lang='lat' dir='ltr'>nectis.</span> <span class='ocrx_word' id='word_1_534' title='bbox 1027 4227 1093 4284; x_wconf 81' lang='lat' dir='ltr'>Vitis</span> <span class='ocrx_word' id='word_1_535' title='bbox 1106 4227 1220 4285; x_wconf 72' lang='lat' dir='ltr'>aminea</span> <span class='ocrx_word' id='word_1_536' title='bbox 1238 4226 1345 4284; x_wconf 90' lang='lat' dir='ltr'>cineres</span> <span class='ocrx_word' id='word_1_537' title='bbox 1361 4225 1510 4285; x_wconf 87' lang='lat' dir='ltr'>laniuntur</span> <span class='ocrx_word' id='word_1_538' title='bbox 1523 4227 1595 4282; x_wconf 86' lang='lat' dir='ltr'>alirn</span> <span class='ocrx_word' id='word_1_539' title='bbox 1610 4244 1616 4283; x_wconf 92' lang='lat'><strong>:</strong></span> 
     </span>
     <span class='ocr_line' id='line_1_45' title="bbox 186 4306 1869 4389; baseline 0.005 -23"><span class='ocrx_word' id='word_1_540' title='bbox 186 4311 321 4380; x_wconf 77' lang='lat' dir='ltr'>&#39;ligmbra</span> <span class='ocrx_word' id='word_1_541' title='bbox 336 4309 427 4369; x_wconf 83' lang='lat' dir='ltr'>brevis</span> <span class='ocrx_word' id='word_1_542' title='bbox 443 4312 554 4383; x_wconf 88' lang='lat' dir='ltr'>rapitur,</span> <span class='ocrx_word' id='word_1_543' title='bbox 567 4314 707 4372; x_wconf 86' lang='lat' dir='ltr'>sociantur</span> <span class='ocrx_word' id='word_1_544' title='bbox 719 4325 801 4386; x_wconf 87' lang='lat' dir='ltr'>atque</span> <span class='ocrx_word' id='word_1_545' title='bbox 816 4314 913 4386; x_wconf 85' lang='lat' dir='ltr'>lupini,</span> <span class='ocrx_word' id='word_1_546' title='bbox 1025 4318 1109 4375; x_wconf 83' lang='lat' dir='ltr'>Pctus</span> <span class='ocrx_word' id='word_1_547' title='bbox 1120 4315 1163 4374; x_wconf 87' lang='lat' dir='ltr'>iric</span> <span class='ocrx_word' id='word_1_548' title='bbox 1177 4325 1219 4373; x_wconf 88' lang='lat' dir='ltr'>est</span> <span class='ocrx_word' id='word_1_549' title='bbox 1231 4314 1346 4387; x_wconf 86' lang='lat' dir='ltr'>putridis</span> <span class='ocrx_word' id='word_1_550' title='bbox 1360 4316 1451 4374; x_wconf 90' lang='lat' dir='ltr'>multis</span> <span class='ocrx_word' id='word_1_551' title='bbox 1466 4330 1513 4387; x_wconf 89' lang='lat' dir='ltr'>per</span> <span class='ocrx_word' id='word_1_552' title='bbox 1526 4318 1623 4375; x_wconf 75' lang='lat' dir='ltr'>tacuit</span> <span class='ocrx_word' id='word_1_553' title='bbox 1637 4317 1745 4389; x_wconf 81' lang='lat' dir='ltr'>dagnus.</span> <span class='ocrx_word' id='word_1_554' title='bbox 1864 4306 1869 4313; x_wconf 75' lang='grc'>’</span> 
     </span>
     <span class='ocr_line' id='line_1_46' title="bbox 187 4402 1752 4482; baseline 0.004 -24"><span class='ocrx_word' id='word_1_555' title='bbox 187 4402 293 4472; x_wconf 80' lang='lat' dir='ltr'>Smpius</span> <span class='ocrx_word' id='word_1_556' title='bbox 307 4409 335 4458; x_wconf 89' lang='lat' dir='ltr'>et</span> <span class='ocrx_word' id='word_1_557' title='bbox 347 4403 456 4475; x_wconf 84' lang='lat' dir='ltr'>dantur,</span> <span class='ocrx_word' id='word_1_558' title='bbox 473 4403 574 4462; x_wconf 90' lang='lat' dir='ltr'>bibitur</span> <span class='ocrx_word' id='word_1_559' title='bbox 586 4419 693 4481; x_wconf 86' lang='lat' dir='ltr'>quoque</span> <span class='ocrx_word' id='word_1_560' title='bbox 709 4406 826 4478; x_wconf 85' lang='lat' dir='ltr'>lingnula</span> <span class='ocrx_word' id='word_1_561' title='bbox 836 4407 920 4474; x_wconf 81' lang='lat' dir='ltr'>cerqi,</span> <span class='ocrx_word' id='word_1_562' title='bbox 1029 4413 1079 4468; x_wconf 79' lang='lat' dir='ltr'>bat</span> <span class='ocrx_word' id='word_1_563' title='bbox 1088 4408 1178 4482; x_wconf 89' lang='lat' dir='ltr'>apiorn</span> <span class='ocrx_word' id='word_1_564' title='bbox 1191 4410 1340 4478; x_wconf 70' lang='lat' dir='ltr'>caricaeque</span> <span class='ocrx_word' id='word_1_565' title='bbox 1353 4405 1445 4476; x_wconf 82' lang='lat' dir='ltr'>simui,</span> <span class='ocrx_word' id='word_1_566' title='bbox 1459 4421 1509 4464; x_wconf 85' lang='lat' dir='ltr'>nec</span> <span class='ocrx_word' id='word_1_567' title='bbox 1523 4422 1576 4463; x_wconf 92' lang='lat' dir='ltr'>non</span> <span class='ocrx_word' id='word_1_568' title='bbox 1592 4406 1659 4465; x_wconf 86' lang='lat' dir='ltr'>baca</span> <span class='ocrx_word' id='word_1_569' title='bbox 1672 4409 1752 4477; x_wconf 86' lang='lat' dir='ltr'>lauri,</span> 
     </span>
     <span class='ocr_line' id='line_1_47' title="bbox 186 4487 1603 4573; baseline 0.002 -25"><span class='ocrx_word' id='word_1_570' title='bbox 186 4494 244 4563; x_wconf 83' lang='lat' dir='ltr'>Qua</span> <span class='ocrx_word' id='word_1_571' title='bbox 259 4494 357 4551; x_wconf 88' lang='lat' dir='ltr'>virtute</span> <span class='ocrx_word' id='word_1_572' title='bbox 369 4496 439 4567; x_wconf 89' lang='lat' dir='ltr'>perit</span> <span class='ocrx_word' id='word_1_573' title='bbox 455 4487 547 4563; x_wconf 84' lang='lat' dir='ltr'>iacies,</span> <span class='ocrx_word' id='word_1_574' title='bbox 558 4497 606 4555; x_wconf 86' lang='lat' dir='ltr'>sed</span> <span class='ocrx_word' id='word_1_575' title='bbox 621 4497 720 4557; x_wconf 86' lang='lat' dir='ltr'>blanda</span> <span class='ocrx_word' id='word_1_576' title='bbox 734 4507 854 4570; x_wconf 87' lang='lat' dir='ltr'>rugatur.</span> <span class='ocrx_word' id='word_1_577' title='bbox 1029 4502 1088 4573; x_wconf 85' lang='lat' dir='ltr'>iria,</span> <span class='ocrx_word' id='word_1_578' title='bbox 1103 4508 1132 4559; x_wconf 90' lang='lat' dir='ltr'>et</span> <span class='ocrx_word' id='word_1_579' title='bbox 1143 4500 1248 4571; x_wconf 75' lang='lat' dir='ltr'>illyrica</span> <span class='ocrx_word' id='word_1_580' title='bbox 1260 4497 1369 4571; x_wconf 82' lang='lat' dir='ltr'>grandis</span> <span class='ocrx_word' id='word_1_581' title='bbox 1381 4496 1517 4554; x_wconf 87' lang='lat' dir='ltr'>centauria</span> <span class='ocrx_word' id='word_1_582' title='bbox 1531 4504 1603 4564; x_wconf 81' lang='lat' dir='ltr'>ruta,</span> 
     </span>
     <span class='ocr_line' id='line_1_48' title="bbox 186 4584 1725 4664; baseline 0.004 -25"><span class='ocrx_word' id='word_1_583' title='bbox 186 4584 308 4640; x_wconf 81' lang='lat' dir='ltr'>Nascitur</span> <span class='ocrx_word' id='word_1_584' title='bbox 320 4584 347 4640; x_wconf 91' lang='lat' dir='ltr'>in</span> <span class='ocrx_word' id='word_1_585' title='bbox 362 4587 445 4658; x_wconf 86' lang='lat' dir='ltr'>petris</span> <span class='ocrx_word' id='word_1_586' title='bbox 460 4586 583 4654; x_wconf 83' lang='lat' dir='ltr'>bomilia,</span> <span class='ocrx_word' id='word_1_587' title='bbox 598 4588 647 4646; x_wconf 87' lang='lat' dir='ltr'>sed</span> <span class='ocrx_word' id='word_1_588' title='bbox 661 4602 756 4660; x_wconf 88' lang='lat' dir='ltr'>magna</span> <span class='ocrx_word' id='word_1_589' title='bbox 769 4588 834 4646; x_wconf 89' lang='lat' dir='ltr'>lieni</span> <span class='ocrx_word' id='word_1_590' title='bbox 1028 4592 1092 4650; x_wconf 81' lang='lat' dir='ltr'>iiaec</span> <span class='ocrx_word' id='word_1_591' title='bbox 1102 4599 1228 4664; x_wconf 84' lang='lat' dir='ltr'>poterunt</span> <span class='ocrx_word' id='word_1_592' title='bbox 1239 4590 1319 4649; x_wconf 87' lang='lat' dir='ltr'>citius</span> <span class='ocrx_word' id='word_1_593' title='bbox 1331 4589 1488 4658; x_wconf 86' lang='lat' dir='ltr'>purulentas</span> <span class='ocrx_word' id='word_1_594' title='bbox 1500 4595 1605 4658; x_wconf 75' lang='lat' dir='ltr'>tergere</span> <span class='ocrx_word' id='word_1_595' title='bbox 1617 4587 1725 4655; x_wconf 81' lang='lat' dir='ltr'>sordes.</span> 
     </span>
     <span class='ocr_line' id='line_1_49' title="bbox 187 4666 1719 4756; baseline 0.003 -25"><span class='ocrx_word' id='word_1_596' title='bbox 187 4676 236 4731; x_wconf 80' lang='lat' dir='ltr'>list</span> <span class='ocrx_word' id='word_1_597' title='bbox 249 4685 276 4732; x_wconf 92' lang='lat' dir='ltr'>et</span> <span class='ocrx_word' id='word_1_598' title='bbox 289 4679 374 4735; x_wconf 83' lang='lat' dir='ltr'>amica</span> <span class='ocrx_word' id='word_1_599' title='bbox 390 4676 505 4750; x_wconf 82' lang='lat' dir='ltr'>bomini,</span> <span class='ocrx_word' id='word_1_600' title='bbox 519 4694 615 4737; x_wconf 84' lang='lat' dir='ltr'>rerunt</span> <span class='ocrx_word' id='word_1_601' title='bbox 629 4679 701 4744; x_wconf 85' lang='lat' dir='ltr'>baud</span> <span class='ocrx_word' id='word_1_602' title='bbox 720 4680 819 4740; x_wconf 83' lang='lat' dir='ltr'>risibus</span> <span class='ocrx_word' id='word_1_603' title='bbox 831 4692 904 4756; x_wconf 86' lang='lat' dir='ltr'>apta.</span> <span class='ocrx_word' id='word_1_604' title='bbox 1027 4687 1068 4742; x_wconf 77' lang='lat' dir='ltr'>dc</span> <span class='ocrx_word' id='word_1_605' title='bbox 1080 4666 1228 4742; x_wconf 86' lang='lat' dir='ltr'>redirirunr</span> <span class='ocrx_word' id='word_1_606' title='bbox 1243 4679 1379 4737; x_wconf 87' lang='lat' dir='ltr'>bominem</span> <span class='ocrx_word' id='word_1_607' title='bbox 1392 4677 1461 4735; x_wconf 79' lang='lat' dir='ltr'>iactis</span> <span class='ocrx_word' id='word_1_608' title='bbox 1472 4691 1598 4747; x_wconf 88' lang='lat' dir='ltr'>reparare</span> <span class='ocrx_word' id='word_1_609' title='bbox 1610 4677 1719 4738; x_wconf 81' lang='lat' dir='ltr'>diebus.</span> 
     </span>
     <span class='ocr_line' id='line_1_50' title="bbox 186 4767 1585 4845; baseline 0.004 -26"><span class='ocrx_word' id='word_1_610' title='bbox 186 4767 592 4837; x_wconf 81' lang='lat' dir='ltr'>erotsuntmembrabomiuis,</span> <span class='ocrx_word' id='word_1_611' title='bbox 604 4769 984 4845; x_wconf 56' lang='lat' dir='ltr'>totsuntincorpnrepestes„</span> <span class='ocrx_word' id='word_1_612' title='bbox 1260 4772 1319 4830; x_wconf 82' lang='lat' dir='ltr'>xl.</span> <span class='ocrx_word' id='word_1_613' title='bbox 1339 4787 1374 4829; x_wconf 81' lang='lat' dir='ltr'>nt</span> <span class='ocrx_word' id='word_1_614' title='bbox 1392 4783 1480 4824; x_wconf 79' lang='lat' dir='ltr'>ranna</span> <span class='ocrx_word' id='word_1_615' title='bbox 1500 4782 1585 4824; x_wconf 81' lang='lat' dir='ltr'>annu.</span> 
     </span>
     <span class='ocr_line' id='line_1_51' title="bbox 185 4856 1671 4933; baseline 0.001 -20"><span class='ocrx_word' id='word_1_616' title='bbox 185 4856 240 4913; x_wconf 80' lang='lat' dir='ltr'>Sed</span> <span class='ocrx_word' id='word_1_617' title='bbox 255 4858 388 4915; x_wconf 90' lang='lat' dir='ltr'>medicina</span> <span class='ocrx_word' id='word_1_618' title='bbox 402 4870 497 4930; x_wconf 86' lang='lat' dir='ltr'>potens</span> <span class='ocrx_word' id='word_1_619' title='bbox 507 4861 655 4933; x_wconf 84' lang='lat' dir='ltr'>compescit</span> <span class='ocrx_word' id='word_1_620' title='bbox 667 4875 779 4920; x_wconf 87' lang='lat' dir='ltr'>munere</span> <span class='ocrx_word' id='word_1_621' title='bbox 797 4864 907 4921; x_wconf 86' lang='lat' dir='ltr'>nouitas.</span> <span class='ocrx_word' id='word_1_622' title='bbox 1028 4863 1162 4923; x_wconf 78' lang='lat' dir='ltr'>Conuenit</span> <span class='ocrx_word' id='word_1_623' title='bbox 1173 4863 1286 4922; x_wconf 79' lang='lat' dir='ltr'>temous</span> <span class='ocrx_word' id='word_1_624' title='bbox 1298 4868 1391 4918; x_wconf 85' lang='lat' dir='ltr'>cautas</span> <span class='ocrx_word' id='word_1_625' title='bbox 1403 4859 1568 4929; x_wconf 67' lang='lat' dir='ltr'>monuere</span> <span class='ocrx_word' id='word_1_626' title='bbox 1580 4869 1671 4927; x_wconf 84' lang='lat' dir='ltr'>curas,</span> 
     </span>
     <span class='ocr_line' id='line_1_52' title="bbox 187 4948 1674 5027; baseline 0.005 -25"><span class='ocrx_word' id='word_1_627' title='bbox 187 4948 255 5002; x_wconf 82' lang='lat' dir='ltr'>lium</span> <span class='ocrx_word' id='word_1_628' title='bbox 269 4949 378 5007; x_wconf 79' lang='lat' dir='ltr'>vitiator</span> <span class='ocrx_word' id='word_1_629' title='bbox 392 4952 476 5022; x_wconf 81' lang='lat' dir='ltr'>hepar</span> <span class='ocrx_word' id='word_1_630' title='bbox 489 4952 631 5024; x_wconf 71' lang='lat' dir='ltr'>gliscitque</span> <span class='ocrx_word' id='word_1_631' title='bbox 644 4968 677 5009; x_wconf 81' lang='lat' dir='ltr'>en</span> <span class='ocrx_word' id='word_1_632' title='bbox 691 4968 768 5010; x_wconf 87' lang='lat' dir='ltr'>more</span> <span class='ocrx_word' id='word_1_633' title='bbox 779 4956 909 5027; x_wconf 70' lang='lat' dir='ltr'>scyrosis,</span> <span class='ocrx_word' id='word_1_634' title='bbox 1029 4957 1068 5015; x_wconf 84' lang='lat' dir='ltr'>Ne</span> <span class='ocrx_word' id='word_1_635' title='bbox 1080 4959 1168 5013; x_wconf 86' lang='lat' dir='ltr'>minus</span> <span class='ocrx_word' id='word_1_636' title='bbox 1179 4953 1289 5012; x_wconf 86' lang='lat' dir='ltr'>indocili</span> <span class='ocrx_word' id='word_1_637' title='bbox 1303 4954 1442 5011; x_wconf 84' lang='lat' dir='ltr'>turbantur</span> <span class='ocrx_word' id='word_1_638' title='bbox 1454 4966 1569 5024; x_wconf 89' lang='lat' dir='ltr'>corpora</span> <span class='ocrx_word' id='word_1_639' title='bbox 1582 4966 1674 5010; x_wconf 74' lang='lat' dir='ltr'>semu.</span> 
     </span>
     <span class='ocr_line' id='line_1_53' title="bbox 185 5036 1733 5121; baseline 0.004 -29"><span class='ocrx_word' id='word_1_640' title='bbox 185 5036 281 5095; x_wconf 79' lang='lat' dir='ltr'>dostus</span> <span class='ocrx_word' id='word_1_641' title='bbox 294 5054 356 5097; x_wconf 86' lang='lat' dir='ltr'>acer</span> <span class='ocrx_word' id='word_1_642' title='bbox 367 5041 480 5112; x_wconf 83' lang='lat' dir='ltr'>bibitor,</span> <span class='ocrx_word' id='word_1_643' title='bbox 494 5058 600 5103; x_wconf 90' lang='lat' dir='ltr'>necnon</span> <span class='ocrx_word' id='word_1_644' title='bbox 615 5045 794 5105; x_wconf 79' lang='lat' dir='ltr'>reubarbarus</span> <span class='ocrx_word' id='word_1_645' title='bbox 804 5047 910 5121; x_wconf 87' lang='lat' dir='ltr'>ingena.</span> <span class='ocrx_word' id='word_1_646' title='bbox 1028 5046 1095 5105; x_wconf 85' lang='lat' dir='ltr'>Cum</span> <span class='ocrx_word' id='word_1_647' title='bbox 1110 5060 1190 5117; x_wconf 87' lang='lat' dir='ltr'>sopor</span> <span class='ocrx_word' id='word_1_648' title='bbox 1201 5045 1348 5103; x_wconf 84' lang='lat' dir='ltr'>immensus</span> <span class='ocrx_word' id='word_1_649' title='bbox 1360 5045 1477 5101; x_wconf 85' lang='lat' dir='ltr'>bominis</span> <span class='ocrx_word' id='word_1_650' title='bbox 1490 5044 1635 5114; x_wconf 73' lang='lat' dir='ltr'>pervaserit</span> <span class='ocrx_word' id='word_1_651' title='bbox 1647 5051 1733 5110; x_wconf 80' lang='lat' dir='ltr'>artua,</span> 
     </span>
     <span class='ocr_line' id='line_1_54' title="bbox 186 5127 1809 5210; baseline 0.008 -30"><span class='ocrx_word' id='word_1_652' title='bbox 186 5127 253 5194; x_wconf 76' lang='lat' dir='ltr'>Qum</span> <span class='ocrx_word' id='word_1_653' title='bbox 271 5129 384 5184; x_wconf 82' lang='lat' dir='ltr'>mntrita</span> <span class='ocrx_word' id='word_1_654' title='bbox 398 5132 477 5188; x_wconf 86' lang='lat' dir='ltr'>simui</span> <span class='ocrx_word' id='word_1_655' title='bbox 491 5135 642 5205; x_wconf 87' lang='lat' dir='ltr'>reprimunt</span> <span class='ocrx_word' id='word_1_656' title='bbox 654 5150 716 5193; x_wconf 91' lang='lat' dir='ltr'>cnm</span> <span class='ocrx_word' id='word_1_657' title='bbox 735 5137 793 5195; x_wconf 85' lang='lat' dir='ltr'>saie</span> <span class='ocrx_word' id='word_1_658' title='bbox 814 5149 973 5210; x_wconf 71' lang='lat' dir='ltr'>umentem.</span> <span class='ocrx_word' id='word_1_659' title='bbox 1027 5141 1095 5198; x_wconf 86' lang='lat' dir='ltr'>&#39;ium</span> <span class='ocrx_word' id='word_1_660' title='bbox 1106 5140 1176 5201; x_wconf 87' lang='lat' dir='ltr'>toiet</span> <span class='ocrx_word' id='word_1_661' title='bbox 1189 5138 1313 5210; x_wconf 75' lang='lat' dir='ltr'>indignas</span> <span class='ocrx_word' id='word_1_662' title='bbox 1326 5138 1425 5197; x_wconf 79' lang='lat' dir='ltr'>animal</span> <span class='ocrx_word' id='word_1_663' title='bbox 1438 5138 1603 5206; x_wconf 81' lang='lat' dir='ltr'>penetrarier</span> <span class='ocrx_word' id='word_1_664' title='bbox 1616 5151 1706 5194; x_wconf 86' lang='lat' dir='ltr'>aures.</span> <span class='ocrx_word' id='word_1_665' title='bbox 1804 5146 1809 5155; x_wconf 85' lang='lat'><strong>·</strong></span> 
     </span>
    </p>
   </div>
   <div class='ocr_carea' id='block_1_3' title="bbox 188 5219 1731 5304">
    <p class='ocr_par' dir='ltr' id='par_1_3' title="bbox 188 5219 1731 5304">
     <span class='ocr_line' id='line_1_55' title="bbox 188 5219 1731 5304; baseline 0.006 -26"><span class='ocrx_word' id='word_1_666' title='bbox 188 5219 266 5278; x_wconf 80' lang='lat' dir='ltr'>Fibra</span> <span class='ocrx_word' id='word_1_667' title='bbox 282 5221 372 5294; x_wconf 85' lang='lat' dir='ltr'>lupina</span> <span class='ocrx_word' id='word_1_668' title='bbox 387 5224 561 5300; x_wconf 67' lang='lat' dir='ltr'>valebimus</span> <span class='ocrx_word' id='word_1_669' title='bbox 574 5230 832 5303; x_wconf 71' lang='lat' dir='ltr'>rependentem,</span> <span class='ocrx_word' id='word_1_670' title='bbox 1028 5234 1127 5304; x_wconf 77' lang='lat' dir='ltr'>Accipe</span> <span class='ocrx_word' id='word_1_671' title='bbox 1140 5245 1200 5295; x_wconf 82' lang='lat' dir='ltr'>euna</span> <span class='ocrx_word' id='word_1_672' title='bbox 1212 5244 1279 5302; x_wconf 82' lang='lat' dir='ltr'>nepa</span> <span class='ocrx_word' id='word_1_673' title='bbox 1291 5230 1371 5289; x_wconf 87' lang='lat' dir='ltr'>citius</span> <span class='ocrx_word' id='word_1_674' title='bbox 1385 5228 1427 5287; x_wconf 82' lang='lat' dir='ltr'>ret</span> <span class='ocrx_word' id='word_1_675' title='bbox 1438 5229 1524 5287; x_wconf 85' lang='lat' dir='ltr'>nuria</span> <span class='ocrx_word' id='word_1_676' title='bbox 1534 5238 1622 5298; x_wconf 67' lang='lat' dir='ltr'>scete</span> <span class='ocrx_word' id='word_1_677' title='bbox 1727 5257 1731 5263; x_wconf 93' lang='lat'>·</span> 
     </span>
    </p>
   </div>
   <div class='ocr_carea' id='block_1_4' title="bbox 184 5407 1836 5762">
    <p class='ocr_par' dir='ltr' id='par_1_4' title="bbox 220 5407 1821 5492">
     <span class='ocr_line' id='line_1_56' title="bbox 220 5407 1821 5492; baseline -0.021 0"><span class='ocrx_word' id='word_1_678' title='bbox 220 5407 366 5476; x_wconf 56' lang='lat' dir='ltr'>‘&#39;Uibii‘&#39;</span> <span class='ocrx_word' id='word_1_679' title='bbox 379 5409 469 5466; x_wconf 71' lang='lat' dir='ltr'>ceam</span> <span class='ocrx_word' id='word_1_680' title='bbox 486 5411 576 5483; x_wconf 57' lang='grc' dir='ltr'><strong><em>νίψω·</em></strong></span> <span class='ocrx_word' id='word_1_681' title='bbox 595 5410 651 5483; x_wconf 69' lang='lat' dir='ltr'>ege</span> <span class='ocrx_word' id='word_1_682' title='bbox 671 5411 741 5468; x_wconf 64' lang='lat' dir='ltr'>ceam</span> <span class='ocrx_word' id='word_1_683' title='bbox 762 5414 875 5489; x_wconf 71' lang='lat' dir='ltr'>seraper,</span> <span class='ocrx_word' id='word_1_684' title='bbox 889 5419 977 5492; x_wconf 76' lang='lat' dir='ltr'>mpt—</span> <span class='ocrx_word' id='word_1_685' title='bbox 1067 5413 1280 5480; x_wconf 68' lang='lat' dir='ltr'>terruimus.</span> <span class='ocrx_word' id='word_1_686' title='bbox 1297 5413 1345 5468; x_wconf 77' lang='lat' dir='ltr'>tro.</span> <span class='ocrx_word' id='word_1_687' title='bbox 1361 5428 1393 5480; x_wconf 82' lang='grc' dir='ltr'>ιι,</span> <span class='ocrx_word' id='word_1_688' title='bbox 1416 5413 1451 5470; x_wconf 84' lang='lat' dir='ltr'>ra</span> <span class='ocrx_word' id='word_1_689' title='bbox 1468 5431 1474 5467; x_wconf 68' lang='grc' dir='ltr'><strong>ι</strong></span> <span class='ocrx_word' id='word_1_690' title='bbox 1491 5411 1596 5470; x_wconf 70' lang='lat' dir='ltr'>ceroto·</span> <span class='ocrx_word' id='word_1_691' title='bbox 1619 5408 1700 5473; x_wconf 68' lang='lat' dir='ltr'>auom</span> <span class='ocrx_word' id='word_1_692' title='bbox 1719 5408 1821 5465; x_wconf 63' lang='lat' dir='ltr'>orme</span> 
     </span>
    </p>

    <p class='ocr_par' dir='ltr' id='par_1_5' title="bbox 185 5477 1823 5561">
     <span class='ocr_line' id='line_1_57' title="bbox 185 5477 1823 5561; baseline -0.005 -17"><span class='ocrx_word' id='word_1_693' title='bbox 185 5479 303 5539; x_wconf 63' lang='lat' dir='ltr'>limiti</span> <span class='ocrx_word' id='word_1_694' title='bbox 317 5480 444 5545; x_wconf 80' lang='lat' dir='ltr'>i&#39;iininm,</span> <span class='ocrx_word' id='word_1_695' title='bbox 461 5480 520 5538; x_wconf 74' lang='lat' dir='ltr'>iai.</span> <span class='ocrx_word' id='word_1_696' title='bbox 535 5481 582 5537; x_wconf 88' lang='lat' dir='ltr'>lib.</span> <span class='ocrx_word' id='word_1_697' title='bbox 596 5496 629 5548; x_wconf 90' lang='lat' dir='ltr'>tt,</span> <span class='ocrx_word' id='word_1_698' title='bbox 646 5483 671 5536; x_wconf 86' lang='lat' dir='ltr'>i.</span> <span class='ocrx_word' id='word_1_699' title='bbox 1032 5491 1110 5545; x_wconf 81' lang='lat' dir='ltr'>dotat</span> <span class='ocrx_word' id='word_1_700' title='bbox 1128 5487 1260 5561; x_wconf 77' lang='lat' dir='ltr'>ignoranti</span> <span class='ocrx_word' id='word_1_701' title='bbox 1283 5498 1353 5558; x_wconf 82' lang='lat' dir='ltr'>oegro</span> <span class='ocrx_word' id='word_1_702' title='bbox 1369 5485 1397 5540; x_wconf 89' lang='lat' dir='ltr'>itt</span> <span class='ocrx_word' id='word_1_703' title='bbox 1420 5485 1476 5539; x_wconf 82' lang='lat' dir='ltr'>sibe</span> <span class='ocrx_word' id='word_1_704' title='bbox 1488 5493 1513 5540; x_wconf 81' lang='lat' dir='ltr'>et</span> <span class='ocrx_word' id='word_1_705' title='bbox 1533 5487 1605 5537; x_wconf 82' lang='lat' dir='ltr'>sosio</span> <span class='ocrx_word' id='word_1_706' title='bbox 1615 5480 1701 5553; x_wconf 70' lang='lat' dir='ltr'>isset.</span> <span class='ocrx_word' id='word_1_707' title='bbox 1723 5477 1823 5535; x_wconf 71' lang='lat' dir='ltr'>Noster</span> 
     </span>
    </p>

    <p class='ocr_par' dir='ltr' id='par_1_6' title="bbox 203 5547 1836 5631">
     <span class='ocr_line' id='line_1_58' title="bbox 203 5547 1836 5631; baseline -0.014 -3"><span class='ocrx_word' id='word_1_708' title='bbox 203 5619 208 5628; x_wconf 91' lang='lat'>.</span> <span class='ocrx_word' id='word_1_709' title='bbox 221 5548 350 5631; x_wconf 48' lang='lat' dir='ltr'>&#39;’pilii&#39;&#39;</span> <span class='ocrx_word' id='word_1_710' title='bbox 362 5566 411 5620; x_wconf 71' lang='lat' dir='ltr'>iro</span> <span class='ocrx_word' id='word_1_711' title='bbox 422 5550 505 5608; x_wconf 67' lang='lat' dir='ltr'>tems.</span> <span class='ocrx_word' id='word_1_712' title='bbox 520 5553 641 5627; x_wconf 76' lang='lat' dir='ltr'>Namque</span> <span class='ocrx_word' id='word_1_713' title='bbox 655 5551 739 5611; x_wconf 82' lang='lat' dir='ltr'>brrba</span> <span class='ocrx_word' id='word_1_714' title='bbox 751 5555 822 5615; x_wconf 86' lang='lat' dir='ltr'>dieta</span> <span class='ocrx_word' id='word_1_715' title='bbox 838 5559 917 5617; x_wconf 81' lang='lat' dir='ltr'>borio</span> <span class='ocrx_word' id='word_1_716' title='bbox 929 5560 977 5618; x_wconf 76' lang='lat' dir='ltr'>iu·</span> <span class='ocrx_word' id='word_1_717' title='bbox 1032 5561 1099 5618; x_wconf 80' lang='lat' dir='ltr'>dixis</span> <span class='ocrx_word' id='word_1_718' title='bbox 1112 5572 1207 5613; x_wconf 78' lang='lat' dir='ltr'>cecam</span> <span class='ocrx_word' id='word_1_719' title='bbox 1220 5555 1352 5618; x_wconf 80' lang='lat' dir='ltr'>catulam,</span> <span class='ocrx_word' id='word_1_720' title='bbox 1366 5553 1485 5611; x_wconf 81' lang='lat' dir='ltr'>nondum</span> <span class='ocrx_word' id='word_1_721' title='bbox 1496 5552 1597 5610; x_wconf 75' lang='lat' dir='ltr'>miiieet</span> <span class='ocrx_word' id='word_1_722' title='bbox 1608 5550 1709 5620; x_wconf 81' lang='lat' dir='ltr'>apertis</span> <span class='ocrx_word' id='word_1_723' title='bbox 1722 5547 1820 5606; x_wconf 84' lang='lat' dir='ltr'>uentis.</span> <span class='ocrx_word' id='word_1_724' title='bbox 1833 5624 1836 5629; x_wconf 27' lang='grc'><strong>,</strong></span> 
     </span>
    </p>

    <p class='ocr_par' dir='ltr' id='par_1_7' title="bbox 184 5620 1821 5762">
     <span class='ocr_line' id='line_1_59' title="bbox 184 5620 1821 5747; baseline -0.023 -33"><span class='ocrx_word' id='word_1_725' title='bbox 184 5620 476 5747; x_wconf 55' lang='lat' dir='ltr'>‘&#39;⁸2&#39;fg&#39;cffiss‘fl‘ffl‘·</span> <span class='ocrx_word' id='word_1_726' title='bbox 1068 5640 1081 5669; x_wconf 76' lang='lat'>0</span> <span class='ocrx_word' id='word_1_727' title='bbox 1101 5628 1287 5698; x_wconf 79' lang='lat' dir='ltr'>tumegenora</span> <span class='ocrx_word' id='word_1_728' title='bbox 1298 5625 1402 5686; x_wconf 85' lang='lat' dir='ltr'>scilicet</span> <span class='ocrx_word' id='word_1_729' title='bbox 1413 5635 1518 5695; x_wconf 87' lang='lat' dir='ltr'>neutro,</span> <span class='ocrx_word' id='word_1_730' title='bbox 1529 5621 1769 5687; x_wconf 75' lang='lat' dir='ltr'>amorreusatiru,</span> <span class='ocrx_word' id='word_1_731' title='bbox 1782 5620 1821 5677; x_wconf 85' lang='lat' dir='ltr'>nti</span> 
     </span>
     <span class='ocr_line' id='line_1_60' title="bbox 376 5696 1286 5762; baseline -0.035 22"><span class='ocrx_word' id='word_1_732' title='bbox 376 5736 382 5749; x_wconf 91' lang='grc'><em>·</em></span> <span class='ocrx_word' id='word_1_733' title='bbox 1032 5702 1061 5762; x_wconf 93' lang='lat' dir='ltr'>iit</span> <span class='ocrx_word' id='word_1_734' title='bbox 1073 5696 1286 5760; x_wconf 85' lang='lat' dir='ltr'>innominatiro.</span> 
     </span>
    </p>
   </div>
   <div class='ocr_carea' id='block_1_5' title="bbox 0 0 1922 6114">
    <p class='ocr_par' dir='ltr' id='par_1_8' title="bbox 0 0 1922 6114">
     <span class='ocr_line' id='line_1_61' title="bbox 0 0 1922 6114; baseline 0 0"><span class='ocrx_word' id='word_1_735' title='bbox 0 0 1922 6114; x_wconf 95' lang='lat' dir='ltr'> </span> 
     </span>
    </p>
   </div>
  </div>
 </body>
</html>
