3832 6114
133 280 184 348 ἰιι
850 277 1041 346 ιιιιιοιιι.
1720 294 1773 358 tae

943 401 1035 458 Arate
1050 408 1163 454 exorare
1181 397 1316 470 dignetur,
1343 411 1372 458 ut
1392 418 1483 461 serino
1506 408 1609 465 Domini
1631 418 1723 470 currat
1746 428 1773 470 ot

292 493 451 545 contractus
464 503 581 544 ostrum.
597 486 636 561 [a.
653 505 679 544 n.
696 487 771 558 idm]
982 486 1154 555 clarificetur,
1171 496 1211 556 ui,
1224 488 1301 558 juxis
1313 491 1413 547 dictum
1429 494 1562 565 Apostoli,
1579 501 1724 559 liberemur
1739 508 1773 560 sit

168 568 341 643 bonifacius,
368 593 464 634 sertus
487 592 628 634 serrorum
650 578 711 645 bel,
737 577 849 650 Griponi
876 577 932 632 lilio
982 577 1141 649 importunis
1159 590 1187 636 et
1207 581 1285 637 malis
1306 581 1471 651 bominibus,
1494 595 1520 641 ot
1544 603 1559 643 a
1583 595 1774 652 tentationibus

134 673 226 733 caron
241 668 388 743 optabilem
403 669 430 724 in
445 667 553 724 Christo
565 670 690 727 salutem.
984 670 1159 742 malignorum
1168 672 1320 743 spirituum,
1333 684 1361 730 et
1375 677 1592 736 tribulationibus
1605 682 1775 742 edversario-

134 834 137 847 Ι
174 765 292 823 Obsecro
306 769 333 817 et
348 759 444 831 atljuro
459 760 585 830 pictatem
600 769 717 817 nestram
729 772 776 829 per
786 758 870 815 ileum
883 759 932 813 l‘a-
983 775 1054 829 rum,
1067 772 1097 819 ut
1109 763 1155 819 lus
1172 763 1379 836 Euangeliorum
1391 766 1486 839 glorian
1496 767 1594 826 curiati
1607 782 1635 829 et
1649 773 1689 829 ria
1701 778 1775 840 aitte,

136 864 206 919 ιιιιιι
221 854 445 925 omatipotentem,
467 859 495 909 et
509 867 557 922 per
572 852 665 908 lesum
679 853 817 909 Christum
834 851 931 907 Filium
982 867 1063 925 guam
1084 856 1190 927 populls
1204 866 1232 913 ιι
1243 857 1369 928 gentibus
1382 859 1527 916 ostendere
1541 870 1568 919 et
1593 864 1642 933 ipsi
1665 876 1777 937 pergere

134 949 207 1023 sios,
222 957 249 1005 et
265 960 313 1016 per
333 943 462 1014 Spiritum
478 953 616 1009 sanctum,
643 960 691 1017 per
705 954 827 1000 sanctam
841 944 931 1001 Trini-
982 943 1124 1016 debemus,
1136 945 1270 1003 nobismet
1281 946 1348 1019 ipsis
1358 961 1412 1004 non
1426 949 1635 1009 obtenebrescat
1649 970 1700 1012 nec
1714 958 1777 1012 ais-

137 1048 222 1121 istem
237 1046 265 1095 et
280 1036 410 1092 unitatem
433 1035 493 1104 flei,
518 1046 547 1091 ut
568 1037 590 1092 si
611 1037 658 1094 tibi
682 1037 754 1094 fleus
773 1045 931 1108 potestatem
983 1038 1123 1097 condatur.
1139 1039 1285 1111 biligonter
1307 1056 1416 1112 qaoque
1429 1042 1606 1113 deprecamur
1619 1057 1648 1103 ιι
1660 1048 1776 1104 familia·

135 1129 293 1197 donarmit,
320 1128 448 1196 adjurare
473 1126 583 1184 studeas
602 1142 693 1185 serres
717 1129 781 1199 fici,
805 1130 932 1187 sacerdo·
984 1132 1050 1187 ritas
1064 1132 1188 1190 fraterna
1199 1133 1339 1190 charitatis
1354 1136 1423 1192 inter
1436 1150 1487 1191 nos
1500 1139 1548 1203 sit,
1563 1145 1591 1194 et
1604 1153 1653 1207 pro
1664 1141 1778 1196 niventi-

137 1230 193 1293 tes,
218 1221 411 1294 presbyteros,
432 1220 480 1291 nui
507 1230 571 1276 sunt
592 1222 618 1277 in
643 1222 803 1292 Tituringia,
828 1232 856 1279 et
875 1238 932 1279 mo·
984 1222 1035 1279 bus
1055 1223 1141 1282 oratio
1163 1226 1326 1293 communis,
1352 1234 1379 1281 et
1403 1240 1452 1297 pro
1474 1229 1653 1297 migrantibus
1670 1231 1707 1287 de
1727 1231 1779 1287 lnc

139 1316 241 1373 ascbos
254 1323 283 1371 et
301 1312 413 1369 ancilias
426 1310 527 1368 Christi
550 1313 697 1371 defendero
709 1324 804 1370 contra
816 1328 931 1387 pagano·
983 1315 1082 1371 samio
1093 1316 1229 1373 orationes
1243 1326 1270 1373 et
1286 1317 1427 1373 nti-:sarum
1450 1319 1582 1375 solemnia
1596 1321 1777 1389 celebrentur,

138 1414 199 1464 ram
213 1402 355 1473 malitiam,
369 1412 397 1459 et
409 1403 538 1473 adjutare
551 1404 736 1461 Christianum
749 1405 890 1476 populum,
904 1414 933 1459 ut
984 1417 1045 1459 cum
1065 1404 1217 1461 alternatim
1235 1406 1343 1462 nomina
1364 1406 1553 1463 defunctorum
1568 1410 1638 1467 inter
1651 1426 1700 1468 nna
1714 1414 1778 1468 mit-

137 1512 188 1557 ens
211 1497 307 1572 pagani
332 1513 385 1552 non
401 1497 534 1567 perdant,
559 1507 588 1552 ut
611 1506 674 1554 ante
699 1497 814 1554 tribunal
833 1497 932 1553 Christi
985 1503 1086 1551 tentor.
1102 1497 1204 1553 intonen
1220 1497 1320 1568 siquid
1335 1497 1489 1554 fraternitas
1508 1507 1595 1555 restra
1610 1502 1688 1557 nobis
1701 1515 1777 1556 man·

141 1586 293 1647 memorem
315 1586 416 1643 babeas
432 1598 602 1657 perpetuam.
626 1587 661 1643 Et
682 1588 839 1658 cognoscite
861 1587 931 1658 qnnd
983 1585 1094 1643 dareatl
1109 1589 1301 1658 perficiendum
1327 1591 1369 1645 ref
1383 1591 1416 1646 ad
1431 1591 1576 1662 dicendum
1591 1592 1696 1663 dignata
1719 1592 1776 1651 fue·

139 1680 269 1741 memoria
294 1689 382 1736 restra
398 1678 538 1734 nobiscum
562 1688 604 1735 est
627 1693 719 1734 coram
734 1678 799 1744 Deo,
815 1678 885 1733 sicut
906 1689 931 1733 et
960 1739 962 1742 g
986 1680 1030 1746 rit,
1044 1680 1299 1736 ιοιιιιιιιιιιιιιιι
1312 1680 1475 1736 desideriunt
1502 1683 1529 1735 in
1542 1682 1667 1738 omnibus
1690 1684 1779 1738 adim·

141 1782 216 1846 pater
230 1783 319 1829 vester
334 1771 411 1826 uitus
422 1780 450 1826 et
465 1770 618 1840 materiam
633 1772 698 1826 olim
710 1770 776 1826 mibi
792 1785 932 1827 commen·
947 1747 970 1807 Β
987 1767 1127 1837 pfebimus.
1154 1770 1233 1840 Agite
1247 1784 1312 1840 ergo
1327 1769 1360 1825 de
1374 1771 1425 1824 ltac
1446 1769 1573 1839 petitione
1584 1780 1686 1837 nostra,
1711 1781 1740 1828 ιι
1753 1774 1778 1828 ln

136 1864 248 1922 darunt.
272 1856 455 1935 imprecamur
479 1863 562 1920 benna
588 1863 755 1919 saluatorem
778 1862 882 1928 mundi,
906 1868 935 1916 ut
985 1857 1041 1913 alto
1055 1858 1185 1913 coriorum
1209 1859 1327 1914 culmino
1344 1859 1476 1916 mercedis
1498 1870 1596 1917 restrae
1616 1865 1725 1932 promia
1751 1865 1778 1919 in

137 1952 237 2026 dirigat
258 1955 327 2008 riam
350 1961 479 2019 nestram,
506 1962 533 2007 et
556 1952 640 2007 tritam
655 1952 689 2007 ad
710 1953 824 2007 salutem
838 1951 934 2006 animae
985 1960 1099 2016 superna
1111 1949 1185 2014 ,curia
1196 1949 1352 2019 angelornm
1366 1950 1517 2006 clarescant
1529 1959 1699 2011 clarescant.
1710 1953 1780 2011 Lon·

141 2055 248 2111 restra,
264 2056 293 2100 ut
319 2044 346 2100 in
360 2045 447 2116 gratia
463 2044 510 2099 bei
522 2057 629 2114 semper
644 2042 688 2099 bic
702 2055 729 2099 ct
743 2044 770 2099 in
785 2045 873 2099 futuro
884 2058 935 2097 sac·
985 2051 1100 2106 getam,
1114 2052 1145 2093 ac
1159 2038 1303 2105 calentem,
1324 2048 1351 2094 ct
1371 2040 1449 2095 almis
1465 2041 1568 2098 tinibus
1581 2044 1778 2114 proficientem,

138 2136 202 2195 calo
224 2134 416 2208 permaneatis.
443 2134 546 2191 interca
566 2145 743 2204 mementote,
771 2136 806 2191 lili
831 2137 935 2190 citaris·
985 2136 1010 2181 ct
1026 2128 1192 2183 suavissimis
1206 2143 1318 2198 opernm
1331 2137 1358 2185 ct
1371 2129 1519 2185 verborum
1538 2131 1648 2189 floribus
1661 2135 1778 2189 odoran-

141 2230 214 2301 ,ἰωῇ
228 2231 301 2300 (μὴ,
314 2229 389 2301 jug„
405 2243 499 2284 mem
519 2228 711 2299 psalmigraphi
725 2245 732 2283 2
750 2227 840 2283 Omns,
859 2230 935 2281 gom,
986 2227 1039 2271 tem
1053 2217 1243 2274 beatitudinem
1255 2227 1373 2274 nestram
1387 2221 1672 2289 perorrnitersnnator
1683 2223 1776 2279 mnndi

140 2321 208 2379 sissi
227 2320 315 2392 fenum
337 2321 392 2376 dies
407 2321 474 2392 ejas,
495 2329 519 2374 ιι
535 2321 599 2375 sicat
614 2320 731 2393 flosugri
743 2321 778 2374 iio
789 2321 882 2391 floriet.
902 2319 936 2375 Et
985 2308 1131 2365 ιιιὸῑθιῖῑιί·
1303 2390 1305 2395 y

140 2415 280 2487 apostotus
294 2414 351 2469 ait:
378 2412 456 2468 Totas
467 2413 578 2468 tttttrtdtts
597 2414 624 2467 itt
637 2412 750 2482 maligno
766 2414 864 2483 positus
880 2421 936 2477 ιιι;
1218 2395 1388 2460 uetsrotm
1410 2394 1552 2460 mxlii·

138 2515 170 2565 Όῑ
183 2505 248 2562 ilem
263 2505 290 2560 itt
304 2502 448 2572 Evangelii)
465 2502 569 2559 Veritas
585 2502 671 2557 dlxii:
697 2503 767 2569 Qatt'd
788 2503 856 2557 ellim
876 2519 935 2574 pro·
1100 2522 1477 2570 ringopngggfflsflogmego,
1491 2513 1530 2586 [g.
1547 2530 1573 2569 n,
1589 2512 1665 2588 752]

139 2595 326 2660 tirritftomini,
348 2593 371 2648 si
387 2595 501 2647 lueretur
521 2594 667 2648 uniuersum
687 2593 821 2658 matreium,
843 2593 936 2646 animm
1023 2601 1136 2673 egregio
1151 2603 1235 2672 parri,
1259 2612 1288 2659 ιι
1307 2604 1417 2660 domino
1430 2607 1555 2675 sup-,gnis
1569 2604 1685 2661 fascibus
1699 2607 1781 2664 (1⁶00.

141 2709 202 2749 sero
214 2707 269 2747 ιιιι
281 2690 463 2746 detrimentum
475 2688 616 2758 portaturi
644 2688 678 2743 Et
692 2689 787 2743 iterum
802 2688 828 2743 in
845 2686 937 2741 Etan·
987 2700 1057 2759 rsto,
1066 2691 1646 2765 bonifacioarclateptscopo,streopigtaoiar
1655 2695 1781 2768 indiguus

143 2783 225 2861 gello,
239 2782 274 2838 de
287 2781 371 2852 gioria
382 2780 536 2852 justorum:
553 2777 619 2834 Ecce
640 2777 772 2851 [alpedani
783 2779 851 2849 justi
870 2778 937 2832 sieut
987 2781 1194 2838 archidiaconus
1204 2791 1305 2838 sanotae
1320 2784 1392 2839 sedis
1406 2784 1573 2854 apostoticae.

140 2875 186 2943 ¹sal
198 2877 315 2945 inregno
330 2872 417 2929 Patris
437 2886 537 2928 rorum.
565 2872 598 2927 Et
613 2871 713 2926 Patulus
731 2869 878 2940 apostolus,
904 2868 938 2924 de
1023 2869 1097 2926 luter
1117 2884 1165 2925 sua
1188 2871 1295 2941 quidam
1318 2871 1497 2942 peritissimus
1519 2872 1619 2929 dudum
1640 2875 1782 2946 aenigmata

144 2963 382 3025 murocinetum
395 2974 523 3021 aterna:
544 2962 620 3031 οισι
635 2962 725 3017 orclas
741 2962 877 3028 nooaidii,
893 2976 938 3015 stes
988 2961 1029 3017 sio
1052 2961 1225 3032 promulgat:
1246 2961 1328 3017 Verba
1352 2963 1498 3034 sapientum
1521 2965 1595 3035 qnasi
1614 2966 1732 3032 stimuli,
1756 2977 1782 3023 ei

144 3059 213 3115 astris
227 3056 335 3120 audiuit,
348 3057 432 3111 nesio
452 3071 495 3110 cor
514 3055 625 3110 tarmus
643 3055 765 3119 aseendit,
787 3054 849 3123 qaid
871 3069 938 3122 proe-
989 3054 1064 3124 ᾳιιιιιι
1079 3055 1144 3108 elmi
1167 3055 1195 3107 t'rt
1209 3055 1291 3108 altum
1306 3053 1403 3124 defici,
1428 3055 1490 3125 qula
1512 3054 1605 3126 culpas
1626 3055 1784 3128 delinquen·

142 3150 243 3223 parati
256 3148 328 3204 Deua
338 3149 501 3219 diligentibus
511 3163 547 3201 ιι.
560 3147 651 3202 Facite
665 3162 739 3218 ergo,
753 3146 811 3210 ftlli,
827 3156 855 3200 nt
867 3160 937 3200 mer·
991 3146 1061 3199 tiam
1075 3146 1199 3201 nesciunt
1214 3146 1333 3214 palpare,
1349 3145 1397 3201 sed
1408 3159 1535 3217 pungere.
1552 3145 1626 3202 llnde
1640 3147 1781 3215 fracietms,

142 3239 219 3297 cedis
232 3249 330 3295 nestrae
353 3239 463 3309 praemia
479 3239 505 3293 in
521 3238 575 3292 aito
599 3238 728 3293 coelorum
744 3238 862 3292 culmine
882 3238 939 3291 cla·
987 3252 1043 3293 non
1056 3238 1116 3294 siue
1129 3238 1203 3307 gravi
1219 3238 1339 3302 tristitia,
1364 3237 1488 3293 baridica
1504 3237 1549 3292 ilfa
1565 3252 1598 3294 ex
1613 3238 1708 3295 intimo
1723 3250 1784 3295 cor-

145 3340 266 3397 sessani,
288 3341 316 3388 et
328 3340 463 3387 crescant.
481 3329 575 3385 falens
592 3345 638 3386 ros
659 3331 685 3386 in
707 3329 872 3401 longitndine
882 3328 939 3384 dic·
987 3327 1030 3384 uia
1042 3340 1161 3384 moerore
1173 3328 1331 3398 compulsas
1345 3342 1405 3384 snm
1420 3329 1525 3384 cantica
1541 3328 1687 3385 decantare
1698 3344 1707 3385 ι
1728 3329 1784 3383 aa·

144 3431 204 3481 ιιιιι
217 3422 243 3479 in
258 3423 365 3479 Citrlsto
379 3432 513 3492 optamus.
988 3422 1115 3487 nuntiari,
1130 3429 1154 3474 ιι
1171 3421 1270 3474 loeutus
1280 3434 1359 3474 sem:
1379 3419 1544 3487 multiplicati
1563 3430 1621 3473 sunt
1634 3436 1711 3491 super
1729 3437 1782 3474 au-

387 3513 556 3571 esistunt
569 3510 700 3568 Lxxxtt.
724 3512 741 3542 ·'
988 3526 1099 3578 merum,
1115 3518 1142 3564 et
1155 3509 1226 3577 quod
1239 3508 1315 3563 multi
1335 3507 1369 3562 ed
1384 3507 1597 3575 stemmatum,
1613 3517 1640 3564 et
1654 3510 1730 3578 pauci
1745 3512 1778 3563 sd

308 3621 461 3662 sustrictus
475 3616 591 3660 orraro.
602 3603 639 3675 [ι.
652 3619 678 3659 n.
688 3597 762 3671 tesi.
990 3600 1135 3656 electorum
1149 3610 1289 3655 numerum
1302 3598 1493 3670 perducuntur,
1502 3598 1555 3653 boc
1567 3597 1654 3667 ipsum
1666 3600 1782 3655 llomino

182 3697 421 3754 Reverendissitno
434 3694 520 3759 fratri,
544 3693 597 3748 imo
611 3691 939 3748 dilectissimoconsacer·
991 3692 1198 3762 promulgante:
1225 3691 1304 3746 ffatiti
1329 3700 1389 3746 ιιιι
1409 3692 1509 3756 ιιιιιι,
1533 3693 1609 3760 posci
1627 3706 1685 3746 cero
1697 3691 1779 3746 eiecti.

145 3789 204 3847 tloti
217 3792 337 3861 Optaton
353 3788 432 3853 abba,
444 3793 472 3842 et
485 3786 617 3841 uttitersm
629 3792 729 3840 sanotae
739 3782 940 3853 congregationi
993 3784 1045 3837 Vos
1059 3783 1165 3852 quidem
1178 3786 1285 3855 egregie
1295 3793 1324 3838 et
1333 3782 1500 3838 sacerdotale
1512 3781 1698 3852 prefulgidum
1708 3796 1780 3852 apex

144 3881 196 3936 aab
211 3894 274 3934 cura
296 3879 366 3934 illins
381 3874 511 3947 regularis
531 3877 593 3929 sitm
617 3889 739 3930 normam
764 3873 939 3939 custodienti,
991 3885 1022 3930 nt
1035 3877 1140 3931 illustre
1155 3892 1203 3945 per
1215 3876 1326 3946 paginas
1350 3874 1487 3931 exaranda
1512 3875 1677 3931 notescendo
1703 3885 1780 3930 note·

146 3968 313 4036 bonifacius,
338 3968 397 4024 sine
413 3967 588 4038 praerogativa
608 3965 766 4021 meritorum
789 3965 941 4022 nominatus
990 3969 1076 4022 scitas.
1094 3968 1224 4023 bisiincte
1238 3967 1357 4032 ittcursa,
1381 3975 1409 4020 et
1423 3965 1577 4035 vigilantius
1592 3964 1618 4020 ln
1633 3980 1687 4036 quo
1699 3972 1780 4034 ange·

144 4061 305 4131 opiscopus,
322 4058 468 4130 optabilem
489 4060 516 4113 in
529 4057 636 4114 Christo
649 4055 789 4111 charitatis
803 4055 927 4113 salutern.
992 4059 1056 4115 licas
1071 4071 1098 4115 ιι
1113 4061 1182 4114 beati
1202 4057 1303 4114 domini
1322 4058 1374 4114 mei
1396 4068 1424 4113 et
1437 4058 1590 4128 singulatim
1614 4057 1780 4127 praetulimus

187 4148 374 4204 Verterandnm
394 4149 542 4206 sanctitatis
565 4159 661 4204 vestrm
684 4147 854 4205 clementiam
878 4147 941 4202 inti·
990 4159 1109 4206 aureset
1131 4148 1212 4220 insta
1236 4163 1345 4204 roseum
1359 4147 1426 4203 illud
1450 4155 1478 4203 et
1491 4146 1643 4217 angelicum
1659 4153 1780 4217 optatum

286 381 301 403 ⁶
383 384 550 452 bristout
565 392 683 451 lxxxi.

145 4242 198 4296 mis
213 4240 384 4297 obsocramus
400 4241 532 4311 precibus,
554 4251 583 4297 ut
596 4255 646 4296 nos
660 4239 787 4312 indignos
800 4238 940 4294 nobiscum
990 4241 1154 4297 desiderium
1176 4240 1344 4297 desideratus
1358 4254 1422 4296 ann.
1438 4238 1497 4311 [f‘.,
1511 4236 1584 4310 antei
1606 4236 1676 4294 latus
1695 4236 1781 4294 domi-

144 4334 173 4390 in
190 4333 292 4390 unitate
304 4335 428 4390 fraternae
442 4333 591 4390 dilectionis
601 4341 630 4389 et
639 4333 778 4389 societatis
791 4331 941 4402 spiritualis
991 4347 1041 4387 nus
1057 4343 1098 4387 ter
1114 4333 1209 4388 beattm
1224 4333 1251 4387 in
1273 4332 1421 4403 apostolica
1441 4345 1489 4386 ros
1505 4331 1539 4387 ad
1554 4346 1672 4402 praesens
1686 4331 1781 4404 digna·

145 4425 286 4497 suscipere
300 4435 329 4481 et
342 4427 442 4482 tabere
465 4424 624 4496 dignemini,
646 4433 675 4478 nt
693 4438 745 4481 una
757 4425 793 4478 sit
805 4423 875 4478 inter
890 4438 939 4477 nos
955 4429 1037 4489 ntur
1062 4424 1251 4481 informatione
1278 4424 1380 4481 firmari
1409 4425 1525 4496 qualiter
1552 4441 1607 4481 non
1634 4427 1720 4481 solum
1746 4427 1780 4482 de

146 4526 173 4572 et
188 4516 254 4573 fides
267 4517 409 4584 mentium,
423 4527 450 4573 ct
465 4519 551 4587 pietas
564 4516 701 4572 actionum
714 4532 722 4582 ;
745 4523 774 4570 et
786 4516 855 4570 sicut
869 4515 942 4583 prin-

144 4612 209 4679 ceps
222 4609 406 4678 apostolorum
425 4608 519 4665 Petrus
533 4609 656 4664 ltortatur
678 4607 790 4662 dicens:
811 4606 877 4661 Ante
887 4622 941 4660 onr-

145 4697 190 4752 ιιι
203 4709 316 4752 mutuom
328 4699 354 4752 itt
369 4699 476 4751 ittuicem
491 4699 642 4753 riroritatem
657 4696 754 4762 boleto,
771 4705 794 4750 ιι
805 4697 866 4766 gatis
880 4698 942 4750 eltn-

146 4790 210 4845 riitts
225 4792 305 4862 operit
320 4790 512 4846 scabitudinem
526 4799 700 4863 peccatorum.
715 4788 750 4843 Et
765 4789 821 4858 ipsa
838 4789 941 4844 feritas

146 4880 236 4937 uixit:
263 4879 297 4935 la
309 4880 356 4935 ltoc
370 4891 521 4954 cognoscent
542 4895 628 4936 omnes
642 4879 701 4949 quia
715 4880 766 4933 mei
788 4880 848 4933 ertit
863 4878 941 4934 disci·

147 4973 214 5043 psit,
229 4972 425 5029 sidilectionent
441 4973 578 5027 floruerint
591 4973 625 5024 od
639 4972 757 5025 inuicem.
771 4970 806 5025 Et
818 4969 941 5025 sintiliter

147 5054 247 5121 ι”ιιΙιιι
273 5065 411 5135 apostolus
436 5064 562 5119 admonet
585 5063 698 5118 dicendo
720 5060 814 5116 :stre
836 5062 940 5115 alterins

147 5170 225 5210 onero
234 5162 346 5227 portate,
356 5167 381 5209 ιι
393 5155 429 5209 sis
438 5153 542 5224 adimpl.
551 5152 608 5208 bitis
617 5155 695 5226 legens
705 5150 810 5206 Cirristl.
822 5151 938 5205 Etslibi:

147 5230 223 5301 titan
234 5248 299 5301 enim
312 5248 432 5318 prosepti
443 5256 478 5302 ιιι
491 5249 602 5301 ciuntur
616 5247 648 5299 ιιι
659 5259 724 5316 puro
737 5243 824 5307 corde,
846 5251 869 5297 ιι
879 5259 940 5298 ιιι·

147 5339 253 5393 scientia
265 5337 343 5403 iona,
357 5348 381 5391 et
394 5338 445 5407 pide
463 5352 514 5391 non
527 5338 609 5405 ficta,·
629 5346 658 5392 et
668 5345 698 5391 ut
712 5344 801 5391 vestra
817 5333 940 5388 fratertri·

149 5434 191 5481 iss
213 5425 241 5481 in
265 5424 400 5496 spirituali
423 5428 586 5496 regulariter
608 5427 661 5481 nita
676 5426 769 5481 viretis
782 5426 809 5480 in
831 5423 939 5493 paciltcn

148 5518 344 5589 tmngailfitate
360 5517 486 5575 fraternae
501 5517 652 5574 concordie
664 5530 714 5587 pro
730 5527 821 5571 nostra
833 5514 939 5584 fragili-

184 5636 198 5667 ·
212 5630 294 5685 Aila.
307 5630 500 5688 indeclinabile
514 5643 541 5688 et
554 5640 629 5687 recte
640 5629 787 5685 secundnm
798 5627 936 5683 ilebraeam

146 5708 196 5756 ιιι
209 5701 346 5771 Syriacam
363 5716 439 5803 saan‘r
452 5704 593 5773 originem,
610 5716 662 5757 nno
675 5708 703 5757 et
717 5698 850 5755 interdum
867 5697 935 5753 licdn

991 4514 1169 4571 schismaticis
1183 4523 1211 4572 et
1222 4516 1358 4572 beneficis
1371 4514 1437 4583 iilis,
1462 4530 1510 4570 seu
1524 4514 1778 4580 excommnnicatis,

991 4614 1019 4661 et
1029 4608 1063 4662 ab
1084 4606 1244 4662 orttodoro
1264 4606 1325 4663 fidei
1340 4606 1429 4677 regula
1445 4606 1566 4673 nequiter
1579 4601 1777 4665 aberrantibus,

991 4700 1125 4754 censeatis
1138 4708 1168 4754 nt
1182 4699 1319 4765 consenit,
1345 4712 1439 4754 rerum
1460 4695 1540 4750 etiam
1561 4692 1727 4747 franeorum
1751 4702 1779 4747 et

990 4791 1135 4847 Galliarum
1151 4802 1245 4861 gentes
1257 4791 1318 4846 lldel
1340 4791 1473 4844 tramitem
1486 4786 1573 4841 solita
1589 4783 1658 4857 itt,
1674 4782 1779 4855 solidae]

990 4883 1183 4951 amplectentes
1196 4882 1357 4945 exuberent,
1381 4879 1514 4934 enitentes
1535 4885 1563 4931 et
1575 4885 1665 4931 restro
1684 4886 1779 4930 sancto

991 4976 1041 5030 snb
1054 4984 1176 5043 tempore
1191 4988 1244 5027 non
1269 4978 1371 5026 tantum
1383 4969 1503 5024 occidua
1522 4966 1571 5023 sed
1591 4976 1780 5040 usqtrequanno

990 5059 1105 5121 boreant
1127 5064 1262 5117 nationes.
1287 5058 1420 5129 scriptam
1446 5072 1561 5128 namrgue
1584 5068 1644 5115 cst:
1665 5058 1778 5115 flettona

989 5152 1209 5224 aabtdspreeotio
1219 5151 1285 5220 jacti
1303 5149 1418 5205 ιιιιιιιι.
1436 5147 1470 5204 m
1484 5145 1565 5204 florid
1581 5148 1694 5202 similia:
1722 5146 1781 5200 li'iri

990 5243 1093 5315 flogass
1107 5242 1216 5297 stetisset
1235 5242 1262 5297 irs
1282 5251 1419 5309 satrapeam
1441 5238 1501 5306 bei,
1523 5247 1551 5294 st
1570 5247 1692 5293 ιιιιιιιιιι
1714 5239 1780 5289 iram

989 5337 1053 5405 ejas,
1070 5350 1102 5386 rte
1114 5332 1271 5400 disperderet
1284 5348 1336 5387 eos.
1361 5331 1415 5387 lios
1428 5334 1528 5388 etenim
1551 5332 1668 5400 priscum
1681 5327 1780 5382 sodali-

990 5426 1051 5479 tatis
1066 5423 1213 5480 retinentes
1226 5438 1359 5490 amorem,
1370 5424 1493 5494 quamvis
1507 5423 1579 5476 varie
1601 5434 1671 5475 nuno
1691 5428 1779 5472 utros·

988 5528 1041 5584 qne
1064 5520 1188 5571 nationes
1219 5523 1248 5571 et
1274 5516 1358 5571 maria
1380 5514 1509 5576 disideras,
1534 5522 1623 5566 tamen
1648 5509 1777 5578 scripturn

988 5624 1156 5770 iirt'megltlms
1168 5624 1305 5687 invenitur
1319 5627 1438 5692 casibus,
1449 5633 1478 5681 ιι
1488 5624 1514 5680 in
1536 5624 1576 5680 tit.
1590 5637 1634 5692 ep.
1648 5617 1683 5674 88
1699 5620 1778 5693 (uerte
