3832 6114
160 245 229 300 rest
337 242 345 256 ’
702 200 870 296 st'nrtttm
889 239 988 300 utrm
1007 241 1040 298 tn
1060 243 1248 306 urtsrotm.
1718 256 1787 314 test

156 374 230 413 tiore.
245 358 277 412 Et
291 359 424 427 quomodo
437 374 507 414 nrtoc
520 368 613 414 contra
629 361 733 416 animos
744 372 847 416 oestrus
862 375 943 428 agere
958 365 981 420 Α
995 374 1067 428 sttnt,
1082 374 1109 419 et
1121 365 1193 420 coeio
1206 379 1238 418 ac
1253 373 1323 420 terra
1340 364 1439 436 iignndi
1456 367 1634 433 solvendique
1655 383 1785 426 concresse

150 447 327 511 contenditis,
344 457 372 502 et
392 463 453 503 curn
469 451 570 504 nostris
590 450 708 504 inirnicts
726 450 942 518 conjunctionem
996 461 1036 506 est
1052 463 1181 520 potestas,
1198 453 1310 508 llrntiter
1331 455 1517 509 excellentiam
1533 467 1652 511 rostram
1677 474 1725 526 per
1738 480 1785 513 urr-

156 538 244 592 lacere
257 538 347 605 tultis,
359 541 422 594 dum
434 541 489 609 ipss
503 541 609 610 periura
626 541 863 609 tongnbardornm
875 554 942 612 gens
995 551 1077 597 stram
1094 542 1283 598 infelicitatem
1293 545 1461 610 obtestatum
1476 548 1609 616 tironique
1619 557 1647 602 et
1663 565 1722 614 nos,
1733 567 1785 606 ntra

155 644 262 697 semper
286 632 428 686 ecclesiam
452 631 500 685 liei
525 641 723 700 expugnantes,
747 639 776 684 ct
800 631 869 686 banc
894 645 944 686 no-
994 644 1056 686 eum
1072 633 1198 687 omnibns
1220 634 1366 704 episeopis,
1384 635 1549 705 presbyteris
1572 646 1602 691 et
1621 641 1784 697 cauteriata·

156 736 240 780 stram
264 725 445 782 Romanorum
467 727 632 793 prorincinm
658 726 826 794 invadentes,
856 727 941 781 nostri
995 720 1162 786 cerdotibns,
1178 731 1258 791 atque
1270 724 1376 778 cunctis
1390 726 1544 792 proceribus
1557 734 1586 779 et
1599 727 1676 782 clero
1686 743 1783 787 escctst

156 819 444 886 ossseontpsttbsniur
457 817 579 872 inimici?
594 817 684 886 ltaque
702 827 729 872 et
746 817 807 885 1100,
823 828 895 886 poto,
909 815 943 872 ad
998 819 1099 866 ndslrae
1121 812 1261 875 Ecclesiae,
1276 813 1418 871 abbatibus
1431 816 1513 873 eidem
1528 826 1556 873 θῑ
1570 820 1710 877 111111θηὶ8
1722 823 1783 880 teli-

154 911 236 964 nestri
259 910 361 964 relerre
386 908 494 964 studeto
516 908 687 972 memoriam,
711 922 744 964 eo
767 907 849 978 quod,
878 907 942 962 dtrtn
994 901 1080 971 glosis
1094 903 1187 958 divino
1201 904 1285 959 cultui
1299 905 1410 972 deditis,
1421 921 1470 962 seu
1483 907 1663 977 optimatibus
1678 911 1784 981 etiudi·

155 1002 346 1059 Constantinus
361 1002 507 1071 imperator
518 1001 652 1055 nitebatur
666 998 827 1067 persuadere
842 1008 942 1054 sancte
994 995 1069 1050 cibus
1084 995 1126 1050 tel
1141 1005 1240 1052 conclu
1261 1007 1356 1054 nostro
1380 1000 1562 1056 liumattumm
1582 1002 1662 1059 istius
1676 1008 1784 1073 proriu-

156 1094 292 1150 memoriae
304 1091 446 1146 mitissimo
459 1099 549 1145 restro
567 1090 694 1158 canituri,
707 1089 740 1144 ad
756 1088 942 1156 accipiendum
994 1084 1043 1139 cte
1056 1085 1165 1155 popolo,
1190 1087 1241 1142 sub
1254 1088 1339 1143 divini
1351 1087 1446 1157 iudicii
1473 1090 1661 1148 obtestatione
1676 1110 1722 1150 res
1734 1101 1784 1152 sd·

158 1183 282 1252 coningio
302 1181 350 1236 dlii
365 1181 405 1236 stti
429 1194 585 1249 germanam
605 1188 722 1234 nestram
745 1178 943 1234 nobilissimam
992 1175 1113 1244 iuramus
1126 1191 1174 1246 per
1195 1176 1280 1232 licum
1295 1178 1384 1234 ritum
1407 1188 1434 1234 et
1453 1195 1558 1251 rerum,
1583 1183 1631 1253 qui
1645 1193 1689 1241 est
1700 1186 1782 1254 indes

161 1273 284 1337 Ciuilem,
306 1285 394 1340 neque
409 1285 458 1324 ros
472 1270 516 1324 alii
532 1269 631 1324 nationi
647 1270 727 1325 licere
740 1268 871 1338 copulari,
894 1269 942 1326 sed
993 1267 1116 1323 rivorum
1131 1278 1158 1324 et
1173 1278 1352 1335 mortuorum,
1372 1278 1401 1327 et
1414 1286 1464 1342 per
1483 1273 1542 1342 cios
1556 1274 1726 1333 inclisbilem
1739 1279 1782 1333 di·

159 1379 209 1420 nec
233 1374 324 1418 contra
347 1363 510 1416 voluntatem
531 1361 682 1430 apostoticae
701 1361 773 1415 sedis
787 1359 941 1429 pontificum
993 1359 1063 1412 tinae
1077 1358 1226 1429 majestatis
1249 1361 1407 1430 potentiam,
1429 1373 1511 1432 atque
1531 1379 1579 1433 pet·
1605 1369 1784 1427 tremendam

157 1456 344 1529 quoquomodo
368 1471 415 1510 tos
428 1455 526 1510 audere
538 1470 672 1525 peragere.
690 1455 723 1509 Et
736 1471 816 1526 quam
832 1455 868 1510 ob
877 1469 944 1510 catt-
994 1448 1075 1504 1111111
1087 1449 1180 1520 iudicii
1194 1452 1276 1520 1111111,
1293 1451 1338 1506 ubi
1353 1467 1449 1508 01111111
1464 1455 1649 1524 1111111111
1664 1474 1780 1528 botula-

158 1563 214 1603 sem
230 1563 302 1603 nnnc
314 1556 407 1603 contra
422 1546 565 1615 apostolica
581 1547 716 1610 mandata,
733 1554 761 1600 et
773 1547 940 1602 voluntatem
994 1546 1044 1602 111,
1059 1548 1088 1595 11
1104 1548 1231 1596 cunctum
1254 1541 1401 1599 humanum
1420 1559 1506 1614 genus
1520 1559 1581 1601 uttm
1606 1557 1726 1606 tremore
1739 1567 1781 1607 as·

156 1641 248 1696 sicarii
267 1639 449 1710 apostolurum
470 1638 597 1706 principis
617 1637 852 1707 agereconamini‚
868 1637 939 1707 qnod
993 1630 1091 1686 11111111
1114 1630 1288 1698 1111111111ι
1317 1648 1368 1688 nec
1390 1648 1442 1688 11111
1466 1643 1495 1690 ei
1516 1639 1670 1707 peremnia
1689 1642 1778 1697 dicias

78 1747 82 1755 ·
154 1747 289 1800 nunquam
318 1740 408 1785 aester
435 1740 511 1799 pater
538 1730 713 1798 perpetravit.
747 1729 788 1783 An
816 1728 937 1795 nescitis,
954 1706 1130 1793 dmpsteria,
1146 1731 1175 1778 et
1197 1724 1410 1780 sacratissimum
1430 1742 1529 1796 corpus
1555 1729 1626 1786 besti
1650 1731 1734 1799 Petri,
1752 1744 1782 1791 at

153 1821 224 1892 quod
247 1836 299 1877 non
325 1821 509 1876 infelicitatem
534 1828 664 1884 nostram,
689 1818 736 1873 sed
760 1819 866 1874 beatum
888 1817 940 1874 Pe·
992 1817 1068 1872 nullo
1083 1816 1316 1887 modoquisquam
1331 1818 1366 1874 ds
1381 1830 1466 1876 restra
1482 1822 1649 1880 iraternitate
1674 1839 1782 1895 mastr-

155 1923 238 1978 trntn,
250 1911 326 1981 cnjus
341 1912 405 1966 licet
418 1910 545 1965 immeriti
561 1911 632 1964 nicee
643 1909 772 1978 gerimus,
788 1905 942 1978 spernetis?
994 1919 1049 1963 mat
1065 1908 1148 1964 tiliam
1160 1909 1292 1979 jamdicti
1310 1911 1439 1968 desiderii
1454 1914 1692 1986 Longobsrdcrtam
1708 1924 1779 1990 regis

159 2002 291 2072 Scriptum
313 2009 355 2057 est
375 2000 447 2056 snim
459 2016 466 2053 :
479 2001 530 2068 Qui
554 2015 597 2054 sos
620 2000 719 2070 recipit,
740 2015 781 2053 nte
799 2001 900 2069 recipit,
915 2007 940 2052 ct
996 2000 1023 2053 itt
1046 1999 1200 2070 conjugium
1220 1992 1650 2071 aocipere;‚neci1erutatestra
1670 2011 1779 2067 nobilit-

151 2094 197 2163 qoi
217 2107 260 2147 eos
282 2094 386 2162 spernit,
410 2107 450 2145 nte
468 2093 566 2157 spernit
586 2089 662 2163 (bac.
677 2090 717 2160 s),
738 2090 938 2158 Recordaminl,
992 2089 1059 2143 sima
1075 2104 1213 2158 germana,
1236 2091 1292 2146 lieo
1312 2091 1435 2148 amabilis
1456 2095 1552 2163 Gisila,
1575 2081 1711 2154 tribuatur
1723 2102 1780 2157 lilio

153 2192 228 2252 peto,
252 2175 471 2237 excellentissimi
487 2179 544 2246 lilii,
567 2181 702 2250 quomodo
716 2194 764 2235 ros
780 2181 832 2236 lide
850 2181 941 2254 [robis
991 2179 1113 2248 smpeiati
1130 2181 1260 2236 desiderii
1274 2198 1283 2246 ;
1299 2197 1348 2238 nec
1361 2195 1465 2240 vestras
1483 2189 1676 2257 quoquomodo
1689 2193 1780 2263 eoois·

153 2270 281 2342 stdelitcr]
295 2271 387 2326 dicere
402 2271 475 2326 risos
488 2278 529 2325 cst
540 2270 667 2340 prelatus
678 2278 769 2331 vester
781 2270 895 2326 domnus
907 2286 940 2328 ac
990 2284 1039 2338 ties
1059 2269 1180 2325 audeatis
1196 2270 1343 2327 dimittere.
1360 2273 1412 2328 Sed
1437 2278 1522 2345 magis
1536 2275 1712 2335 recordantes
1723 2295 1780 2351 qen

152 2364 270 2429 genitor,
296 2362 457 2431 promittens
480 2361 506 2416 ln
532 2361 629 2417 restris
642 2362 782 2420 animabus
796 2362 876 2418 boeto
890 2361 942 2418 Pe-
991 2359 1070 2415 beato
1084 2359 1165 2415 Petro
1176 2361 1357 2432 apostolorum
1370 2364 1481 2432 pritmipi
1494 2365 1609 2432 polliciti
1622 2370 1701 2431 estis,
1715 2372 1779 2425 riri-

153 2461 207 2517 tso,
232 2459 313 2521 atque
336 2450 396 2520 cius
418 2450 519 2506 sicario
541 2450 661 2506 antelato
673 2449 774 2505 domno
799 2451 939 2519 Stepbatto
990 2449 1052 2505 liter
1066 2450 1169 2506 eisdem
1189 2452 1290 2509 uostris
1315 2453 1431 2508 inimicis
1453 2454 1639 2525 longobardis
1664 2460 1779 2515 resistde

154 2555 241 2609 pape,
257 2540 370 2594 tirmiter
395 2539 554 2595 deberetos
573 2552 729 2607 permanere
752 2553 816 2608 erga
838 2548 939 2595 unctae
991 2539 1183 2610 distringentes
1204 2555 1254 2597 eos
1275 2542 1398 2604 tirmiter,
1425 2551 1454 2596 ιιι
1475 2544 1588 2614 propria
1608 2555 1712 2602 sancta
1732 2548 1779 2603 bei

152 2630 279 2685 sectetis
304 2629 471 2696 lidelitatem,
496 2639 525 2685 et
549 2630 669 2685 omnium
692 2630 846 2700 apostatice
867 2629 940 2688 sedis
993 2629 1122 2686 Ecclesiae
1141 2631 1270 2686 Romane
1293 2633 1448 2700 reipublice
1469 2634 1584 2691 reddere
1595 2634 1778 2693 debeastcee

151 2721 312 2792 pontilieum
323 2722 520 2789 obedientiam,
535 2730 563 2777 et
576 2721 705 2778 illibatam
719 2721 877 2779 charitatem
889 2736 899 2779 s
910 2731 939 2779 et
989 2717 1062 2790 qnod
1076 2721 1166 2777 omnia
1176 2735 1239 2791 qum
1250 2721 1326 2783 robis
1341 2721 1452 2790 polliciti
1461 2735 1524 2778 stmt
1539 2726 1777 2796 transgredientes,

152 2815 323 2882 postmodnm
337 2812 531 2886 predecessori
546 2823 640 2872 nostro
650 2815 751 2870 domno
766 2815 849 2870 Paulo
859 2828 937 2885 pspoe
990 2830 1041 2872 nos
1053 2814 1173 2886 qoutidie
1191 2814 1337 2886 uilligendo
1350 2827 1377 2872 ct
1391 2818 1568 2885 opprimenda
1581 2834 1637 2874 eoa
1648 2831 1777 2876 cessam:

150 2903 243 2960 eadent
256 2920 317 2974 ros,
329 2918 382 2960 ona
395 2919 456 2961 cem
470 2905 566 2959 eodem
580 2915 672 2959 restro
686 2906 817 2973 genitore,
832 2915 936 2962 certum
988 2905 1084 2978 etiam
1097 2907 1160 2977 quia
1182 2906 1283 2978 aliquid
1308 2909 1387 2965 uobis
1399 2908 1514 2965 reddere
1534 2911 1645 2967 minime
1659 2921 1724 2966 suut
1737 2912 1780 2967 ia·

149 3005 192 3051 ost
209 2996 368 3066 plerumque
395 3008 443 3066 per
468 2994 565 3049 ntissos
586 3003 616 3048 et
629 2994 729 3063 scripte
755 2995 933 3063 promisisse:
946 3038 976 3112 c
988 2996 1093 3061 elimati,
1106 2997 1191 3053 eliam
1214 3005 1241 3053 et
1260 3006 1370 3053 nomios
1384 2999 1513 3055 ioradere
1529 2999 1595 3056 ires
1613 3009 1776 3067 ιιωοιιοιιιο,

147 3095 175 3142 ct
196 3096 256 3157 post
268 3087 412 3143 decessum
437 3083 548 3141 antefati
573 3093 675 3141 sancte
700 3085 838 3141 memorie
852 3084 934 3154 patris
988 3096 1016 3143 et
1040 3088 1229 3143 tantummodo
1252 3101 1301 3158 per
1325 3091 1561 3160 argumentantis
1579 3090 1725 3159 messenia
1740 3092 1780 3147 de

148 3178 242 3242 nestri,
256 3187 284 3234 et
297 3191 346 3231 ros
360 3177 410 3246 ipsi
433 3177 542 3245 saepius,
571 3187 624 3231 tam
640 3192 688 3247 per
705 3178 935 3246 restrosmissos,
989 3178 1087 3233 restris
1110 3177 1479 3248 mississitnnlantiustitias
1498 3177 1778 3235 occultaremus

148 3281 284 3338 quemque
295 3282 343 3337 per
356 3266 471 3332 litteras,
484 3268 620 3340 sitnulque
633 3278 660 3324 st
674 3284 723 3340 per
731 3268 855 3342 Sergium
867 3270 935 3327 dde-
990 3267 1057 3322 ttiitil
1069 3269 1102 3321 ad
1117 3267 1243 3324 edoctum
1258 3270 1426 3338 perducitur,
1446 3281 1473 3328 et
1485 3271 1627 3342 quidqssm
1641 3271 1677 3325 ab
1689 3271 1732 3326 eis
1744 3272 1779 3327 de

151 3355 283 3411 litsimum
297 3365 420 3411 nostrum
435 3357 693 3426 nomenculatorem,
708 3371 736 3416 ct
749 3375 798 3429 per
809 3360 877 3417 alios
887 3376 937 3418 no·
989 3361 1089 3416 nostris
1102 3376 1272 3430 oeqttaquam
1283 3363 1405 3432 recipere
1415 3363 1558 3418 tsluimuss
1571 3360 1648 3418 liudo
1660 3377 1737 3427 cecc,
1750 3373 1779 3416 st

150 3455 223 3503 strcs
245 3445 356 3512 missos,
380 3449 460 3506 nubis
472 3450 654 3519 spopondistis
669 3450 696 3506 io
710 3451 804 3509 eadem
823 3467 871 3509 ros
885 3467 935 3509 re·
987 3451 1078 3507 cuncti
1099 3451 1185 3506 nostri
1204 3452 1312 3507 dolores
1328 3452 1464 3508 subtiliter
1478 3451 1579 3507 restris
1592 3452 1705 3506 sumbus
1718 3468 1777 3520 sog·

151 3548 209 3594 stra
237 3537 430 3606 pro-tutone,
454 3541 524 3596 sicut
542 3542 647 3611 genitor
661 3549 760 3606 nester,
782 3543 854 3598 circa
873 3556 943 3601 san·-
987 3552 1126 3613 gerantur,
1151 3541 1302 3598 direximus
1323 3552 1431 3598 nostros
1448 3545 1558 3610 missos,
1579 3542 1707 3598 videlieet
1729 3543 1777 3598 Pe-

148 3640 220 3683 otam
237 3629 285 3685 liei
296 3630 447 3685 Ecclesiam
460 3637 489 3685 et
503 3640 621 3686 anstrum
633 3630 791 3700 fidelitatem
804 3646 864 3688 esse
874 3648 947 3702 per·.
988 3642 1060 3687 trum
1072 3631 1200 3688 dilectum
1215 3633 1299 3688 lilium
1314 3643 1487 3699 nostrum,et
1501 3633 1674 3704 Pantpltilam
1688 3635 1777 3690 deiec-

145 3717 395 3775 seteraturos.Sed
408 3728 437 3776 οι
451 3718 642 3790 illud,queso,
656 3722 691 3776 ad
704 3730 821 3777 nestram
833 3721 935 3779 rcierte
986 3737 1075 3778 sorem
1098 3723 1278 3791 regionarium
1297 3735 1400 3779 sanctas
1419 3734 1517 3780 nom
1543 3725 1776 3791 Ecclesiaesqsos

147 3809 317 3875 memoriam,
330 3810 448 3881 qualiter
475 3825 524 3866 nos
538 3812 665 3882 prelatos
684 3813 799 3869 domnus
821 3812 937 3884 Stepba·
987 3814 1062 3869 etde
1087 3814 1245 3870 imminente
1265 3814 1343 3870 nobis
1359 3814 1541 3883 tribulatione,
1565 3829 1615 3870 nec
1636 3816 1776 3870 uonmde

147 3915 199 3955 nus
217 3914 284 3970 papa
298 3901 326 3955 iu
340 3914 390 3955 stto
404 3901 520 3957 transito
537 3915 584 3970 per
607 3917 657 3958 sna
676 3904 778 3971 scripta
791 3903 842 3960 sub
854 3904 936 3960 terri-
986 3905 1100 3973 singulis
1118 3904 1207 3959 causis
1221 3903 1356 3961 subtiliter
1371 3903 1578 3959 informavimus
1590 3915 1684 3960 restro
1699 3904 1775 3974 regali

148 3991 196 4045 bili
219 3990 391 4061 adjuratione
413 3984 552 4049 adhortari
562 3991 678 4060 studuit,
692 3992 769 4050 drma
787 3994 934 4051 stabilitate
986 3995 1143 4053 intimandis
1157 3997 1268 4052 culmini
1284 4013 1290 4051 :
1305 4005 1333 4052 et
1345 3998 1460 4064 petimus
1474 4006 1504 4051 nt
1515 3997 1596 4053 solita
1613 3996 1776 4067 benignitate

148 4103 196 4145 rus
209 4103 272 4145 esse
286 4102 479 4159 permansuros
493 4103 558 4158 ergo
574 4088 747 4144 dilectionem
762 4098 863 4144 sancus
885 4088 945 4155 liei,
986 4102 1033 4143 cos
1048 4085 1198 4154 suscipere,
1215 4094 1367 4154 nostroque
1380 4087 1504 4156 petitioni
1517 4096 1625 4140 restrae
1638 4103 1653 4139 a
1668 4086 1721 4141 lieo
1734 4087 1777 4139 in·

149 4181 287 4248 Ecclesia,
312 4190 342 4236 et
361 4180 490 4236 illibatam
509 4180 669 4237 charitatem
690 4180 846 4249 apostoticae
860 4180 935 4236 sedis
986 4178 1102 4248 spiratas
1114 4192 1195 4233 aures
1206 4177 1412 4234 accommodare
1423 4175 1590 4246 dignemini,
1606 4188 1637 4232 et
1647 4178 1776 4246 surplissi·

149 4269 306 4337 pontidesm
319 4286 328 4336 ;
342 4280 369 4326 et
385 4259 475 4326 omnia
498 4284 546 4324 ros
559 4270 707 4340 adimplere
719 4269 795 4339 justa
815 4279 944 4326 cestram·
986 4284 1058 4324 tuam
1081 4270 1266 4325 liberationem
1291 4279 1372 4338 angue
1391 4268 1583 4325 exaltationem
1604 4279 1710 4324 sanmae
1730 4267 1775 4322 bei

144 4360 233 4414 cidem
245 4360 295 4414 liei
308 4361 431 4426 apostolo
449 4360 596 4416 adhibitam
609 4361 794 4432 sponsionem.
809 4360 844 4416 Et
860 4374 932 4417 uuec
943 4396 974 4460 n
987 4361 1125 4428 Ecclesite,
1146 4360 1277 4429 spiritalis
1292 4360 1387 4416 matris
1399 4371 1507 4427 restra,
1521 4368 1550 4415 et
1570 4358 1652 4416 istius
1670 4374 1687 4415 a
1703 4359 1776 4414 cebo

145 4449 198 4502 ista
219 4456 262 4503 est
275 4456 365 4503 restra
380 4448 541 4516 promissio?
556 4451 578 4505 0
591 4458 719 4520 qnantum
735 4449 855 4506 laborem
868 4465 934 4506 sus·
983 4451 1130 4520 redemptas
1144 4451 1288 4521 provincius
1301 4450 1486 4507 defensionem
1500 4449 1772 4519 perdoesejubeatis.

143 4542 223 4595 tinuit
262 4539 349 4595 isdem
379 4538 529 4609 praecipuus
552 4555 584 4595 nc
604 4541 778 4597 beatissimus
799 4542 929 4611 pumiles,
982 4552 1012 4596 ut
1034 4543 1179 4612 periectsm
1205 4541 1450 4598 remunerationem
1464 4555 1486 4593 a
1508 4540 1584 4607 justo
1602 4540 1699 4609 iudice
1720 4538 1775 4593 lieo

143 4633 240 4701 truiita
261 4631 406 4688 imbecillis
421 4631 632 4687 csmoenstanto
651 4633 815 4689 ssesbiboit
833 4634 930 4704 prolixi
982 4642 1097 4697 nostro,
1130 4630 1314 4688 intercedente
1338 4629 1399 4700 ejus
1427 4629 1550 4699 principe
1584 4627 1772 4697 apostoloram

141 4725 249 4781 itineris
270 4725 406 4796 pericule;
422 4732 451 4778 et
465 4725 516 4779 nisi
539 4724 671 4780 bominus
682 4733 782 4794 presto
794 4726 888 4793 luerit,
904 4727 931 4780 in
982 4724 1060 4780 beato
1076 4723 1166 4789 Petro,
1186 4722 1347 4792 suscipiatis.
1368 4719 1532 4776 Praesentem
1548 4720 1642 4789 itaque
1655 4728 1773 4774 nostrast

141 4833 255 4874 saeuum
270 4819 332 4886 ojus
344 4816 420 4873 labor
434 4817 594 4884 deducetur,
611 4814 714 4886 luitque
731 4817 809 4873 uobis
827 4815 880 4871 tur
893 4815 929 4869 il·
980 4814 1194 4872 erltortatioocm
1223 4824 1305 4883 atque
1327 4813 1523 4883 adjurattooess
1546 4809 1576 4866 ia
1601 4807 1775 4865 emrlsssione

140 4910 197 4976 ind,
213 4908 284 4981 quod
308 4908 409 4964 ibidem
435 4917 529 4965 noster
544 4909 725 4979 praedeeessor
746 4907 773 4962 in
788 4905 946 4962 Franciam
980 4909 1051 4966 beeti
1064 4906 1137 4963 l’etri
1153 4917 1293 4977 ponentes,
1307 4905 1509 4960 et'saorillcium
1523 4917 1606 4971 supmr
1616 4917 1680 4958 ean
1691 4911 1773 4969 atque

141 5002 307 5073 properarit,
322 4999 351 5057 itt
365 5015 491 5076 maguam
515 5003 633 5067 ruinam,
648 5000 712 5056 dum
727 5000 811 5056 nostri
827 4996 929 5054 inimici
981 5001 1083 5056 inostias
1108 5000 1162 5054 lieo
1178 5007 1271 5054 nostro
1294 4995 1450 5060 offerentes,
1476 4991 1554 5048 robis
1566 5005 1631 5047 conr
1645 4990 1772 5062 lacrymis

139 5096 284 5166 pissnttac
296 5108 377 5165 qesta
394 5094 498 5164 pridem
512 5093 539 5147 itt
551 5094 683 5163 superbie
698 5091 930 5148 lecocimtemelc·
979 5109 1013 5149 es
1032 5092 1126 5148 eodum
1141 5106 1219 5146 saera
1237 5086 1411 5145 ooalessioae
1430 5084 1590 5140 diresimos.
1611 5080 1646 5136 Et
1665 5081 1688 5135 si
1701 5081 1774 5150 quis,

138 5187 193 5242 sati
209 5193 284 5243 sont.
309 5185 343 5242 lit
363 5199 427 5242 coco
447 5183 518 5256 quod
539 5185 700 5241 verebamur
712 5184 825 5239 creuit-e
837 5183 929 5238 cerni·
951 5197 952 5200 ¹
979 5186 1051 5256 qnod
1067 5197 1119 5238 non
1131 5188 1370 5252 optumos,contra
1383 5173 1536 5245 bnjosnmdi
1550 5183 1653 5229 moure
1665 5172 1776 5240 adiura-

138 5293 211 5346 tnns,
227 5290 412 5347 concessaque
434 5284 478 5330 est
499 5285 593 5331 nostra
613 5275 703 5331 letitia
718 5271 746 5328 in
768 5272 885 5338 luctum,
900 5280 929 5326 et
981 5275 1063 5331 tinnis
1077 5282 1159 5341 atqttc
1172 5269 1368 5328 esborutinuts
1380 5264 1477 5322 seriem
1497 5278 1578 5334 agere
1589 5275 1773 5331 praeceper-

139 5370 208 5423 lnetu
223 5376 290 5423 sunt
303 5365 449 5421 norissima
471 5365 540 5420 mala
553 5366 644 5436 peiora
658 5363 803 5435 prioribus,
814 5375 842 5420 et
857 5363 930 5421 unde
978 5364 1025 5430 tit,
1036 5365 1145 5420 sciatse
1157 5363 1315 5418 auctoritate
1329 5356 1431 5414 domini
1446 5354 1499 5410 mei
1520 5352 1591 5408 beati
1612 5352 1689 5408 l‘etci
1707 5367 1773 5424 apo·

135 5457 344 5525 expectabamus
368 5455 447 5511 nobis
460 5456 550 5512 lumen
573 5456 652 5522 oriri,
680 5465 829 5529 crnpcrttut
852 5465 929 5513 tenc·
982 5458 1111 5514 stolorum
1128 5447 1643 5526 principisanatbestttisriscaiocsse
1658 5445 1774 5501 ittsods·

135 5546 202 5603 bru.
219 5548 388 5618 Quapropter
399 5557 426 5603 et
438 5547 469 5603 Β.
482 5547 576 5605 Petrus
589 5553 715 5620 princeps
729 5549 928 5619 apostolorum,
979 5559 1045 5617 tom,
1061 5558 1088 5603 et
1101 5563 1115 5601 a
1130 5560 1216 5619 regno
1231 5545 1278 5600 liei
1302 5544 1430 5603 alienum,
1443 5547 1526 5607 atque
1543 5552 1605 5593 com
1621 5538 1738 5593 diabolo
1748 5543 1774 5591 ct

137 5638 180 5690 eui
203 5642 277 5711 regni
293 5640 423 5698 coelorum
446 5642 535 5698 clares
560 5654 575 5695 a
600 5638 715 5698 Domino
739 5641 793 5699 lieo
821 5641 926 5698 tradite
977 5643 1036 5714 eius
1048 5638 1225 5698 atrocissimis
1238 5635 1355 5712 pompis,
1375 5641 1404 5692 et
1419 5631 1525 5690 ceteris
1540 5628 1649 5702 impiis,
1665 5626 1776 5686 aeternis
