3832 6114
142 234 194 294 Nil
549 229 580 286 S.
599 225 774 286 amntem
791 229 935 290 otendit
955 230 1045 290 rous
1065 231 1111 288 lli.
1132 260 1167 276 ·-
1186 230 1366 290 ΡΟΕΙΙΠΔ.

142 343 244 411 fluibus
257 339 347 398 infesti
361 338 473 397 tortium

142 435 242 491 curisti
256 432 373 488 tironum
386 431 510 487 cassibus

142 525 244 581 Afilant
256 529 383 578 necantes
394 519 525 577 imbribus

149 617 226 681 ilios,
242 613 302 670 illos
312 613 488 682 Omnipotens

143 705 193 762 titt
206 705 301 777 'fppbo
313 705 467 760 teterrimus

144 798 222 854 Girat
234 808 361 869 torquens
372 795 522 867 gurgitibus

140 889 182 945 Eu
196 890 309 961 pilarum
319 888 450 947 acerrima

142 982 219 1040 Sedit
230 982 275 1053 qui
289 997 337 1051 per
349 980 487 1047 aethralia,

143 1074 299 1131 obvallatus
311 1076 480 1140 minacibus,

142 1166 278 1224 cetorum
290 1181 395 1224 summo
405 1169 508 1224 lumiue

141 1256 259 1315 Telluris
272 1258 333 1315 lata
347 1257 440 1314 irmina

144 1347 255 1418 Nequeo
268 1361 379 1419 prorsus
392 1348 486 1406 funera

146 1437 264 1510 liapteut
275 1446 304 1495 et
315 1438 411 1497 rodant
422 1441 516 1510 auido,

142 1528 229 1588 Sortis
241 1529 337 1600 rigenti
349 1537 459 1602 torpore

142 1619 228 1677 cese
244 1619 331 1676 laudis
345 1621 522 1681 stridentibus

142 1711 469 1783 l‘etoproiusisdetibum

54 1872 57 1876 ,
141 1802 207 1860 tiolo
216 1811 295 1859 tenus
306 1805 473 1873 sepimine,

141 1892 245 1965 Capitis
256 1904 337 1965 atque
348 1896 497 1965 verticem,

140 1984 253 2042 ‘fribuat
262 2001 310 2058 per
320 1987 451 2044 solamina

141 2074 296 2147 Suffragam
308 2091 390 2134 mauu
401 2072 518 2148 fortiter,

141 2166 263 2222 ilustiura
273 2166 365 2224 demat
374 2169 476 2240 spicula

142 2256 242 2314 ferant
254 2259 379 2316 tboraess
390 2259 511 2319 humeris

140 2345 224 2406 desis
236 2348 315 2407 ioetlis
327 2350 477 2423 fragoribus

140 2439 270 2497 Telorum
282 2451 310 2498 et
319 2443 480 2500 micantibus

143 2529 246 2589 'frudat
258 2531 367 2592 aeternis
378 2536 497 2593 tenebris

140 2629 229 2688 fortis
241 2622 381 2701 globorum
393 2629 503 2701 gremiis

140 2721 198 2778 utri
209 2719 278 2793 ignis
290 2720 430 2778 ultricibus

139 2812 236 2869 farma
247 2813 329 2885 pellat
339 2814 463 2870 acumina

142 2901 260 2959 ilostium
270 2915 287 2959 a
299 2902 437 2961 ferocibus

144 2992 336 3053 concertantes
347 2997 477 3069 agonibus

139 3084 276 3144 AEtberius
289 3090 333 3158 qui
344 3088 433 3146 outnla

143 3175 223 3232 Verbi
236 3184 338 3233 tautum
350 3192 412 3234 eum
425 3178 539 3238 Numine

144 3265 209 3323 llibi
219 3280 289 3323 sora
300 3268 344 3338 qui
355 3267 466 3325 nutibus

140 3358 301 3416 Litterarum
310 3375 371 3418 cum
381 3361 487 3419 lusibus

141 3449 264 3507 Facunda
275 3451 467 3512 fundefamlna

138 3540 239 3608 Qucum
252 3553 340 3615 coepto
350 3545 376 3600 in
390 3545 509 3602 carmine

141 3631 232 3689 lirum
245 3632 370 3691 virtutum
384 3650 493 3694 rumore

19 3790 22 3795 Ι
138 3723 247 3783 cassem
260 3728 378 3797 priscum
390 3735 452 3787 'eutrt
464 3733 577 3790 nornine

140 3806 218 3872 'Astra
230 3814 336 3890 Olympi
349 3820 432 3893 ignito

143 3904 238 3960 Larem
251 3906 350 3963 librant
360 3910 495 3969 lucifluam

139 3995 236 4052 lloicm
246 3997 346 4054 mundo
356 4001 507 4059 minacibus

140 4079 253 4150 l'umo'm
266 4092 372 4150 forrum
383 4094 531 4167 frigoribus

139 4181 206 4240 (Iteli
213 4183 294 4254 jubar
304 4198 321 4241 e
330 4185 446 4242 ctssmlne

139 4275 217 4331 Titan
229 4283 327 4333 tremet
338 4273 500 4351 torrentibus
552 4346 556 4353 ⁸

140 4366 242 4421 Passim
257 4366 330 4423 orbis
343 4382 391 4437 per
405 4365 550 4438 marginem

139 4456 242 4515 Pitoebe
256 4473 363 4530 quoque
377 4458 552 4531 flagrantibus

138 4548 249 4606 Noctem
262 4549 365 4621 nigram
376 4550 517 4607 nubeculis

138 4639 224 4698 sorbo
236 4648 365 4714 spargunt
374 4640 520 4712 spiramina

138 4733 230 4807 Neque
241 4739 339 4792 nocent
350 4733 484 4791 nitoribus

137 4828 216 4884 Ruris
228 4828 306 4900 rigati
319 4825 407 4884 ritulo

135 4920 188 4977 scd
200 4921 316 4976 lutosam
326 4917 475 4990 liquoribus

136 5008 261 5063 urebant
272 5017 343 5064 aetra
357 5008 442 5079 ignito

136 5096 257 5154 Gliscuut
269 5107 298 5154 ot
309 5099 395 5170 glebae
406 5100 529 5170 germine

135 5191 193 5246 Situ
204 5187 312 5245 roscido
323 5189 441 5257 robora,

36 5340 41 5347 ,
135 5281 284 5336 Succorum
298 5287 545 5353 sumuotsaporetu

136 5372 188 5429 ista
201 5373 285 5427 cassis
299 5385 347 5441 per
361 5370 479 5430 eulmina

136 5461 256 5521 Gloriosa
269 5478 318 5535 per
328 5463 435 5534 agmina

135 5552 262 5609 Rutiiaoti
276 5554 397 5611 redimita

136 5643 212 5697 astra
226 5643 337 5701 connexi
349 5643 459 5716 olympi

734 341 887 399 lidelmum
900 358 961 399 uam
977 344 1139 400 altissimum

734 433 796 490 Alto
808 443 957 492 nostratum
969 437 1080 493 nomine

712 566 717 573 .
734 524 883 582 Polleutem
895 541 944 599 per
956 530 1077 586 coelestia

734 615 789 679 Sic,
798 616 837 671 sic
849 630 915 673 sane
924 618 1086 676 sublimibus

733 705 803 761 doeli
818 721 868 763 eeu
882 723 930 777 per
941 709 1060 766 culmino

737 791 807 858 illis.
823 794 876 851 illis
887 797 915 852 in
927 798 1052 854 omnibus

733 884 879 957 Protogene
890 887 1067 944 arundinibus

732 973 840 1031 ebristo
855 988 963 1047 semper
975 975 1114 1046 fidelibus,

732 1068 821 1126 fiundi
832 1071 913 1126 beros
923 1070 1060 1128 molimina

734 1154 865 1213 formasti
876 1159 904 1214 iu
914 1160 1030 1233 origiue.

734 1247 900 1319 tggrederer
911 1251 1068 1309 nutantibus

733 1336 800 1396 bots
810 1351 937 1413 coaptem
950 1341 1055 1411 usibus,

733 1523 814 1583 Celso
826 1527 948 1598 proferre
960 1528 1060 1588 lamine

734 1618 939 1690 Fulgescentem
952 1621 981 1677 iu
994 1623 1096 1679 actbcre

734 1711 875 1783 comptum
884 1713 968 1770 veluti
979 1713 1081 1772 iumine

734 1803 818 1861 erdui
830 1803 890 1861 orbi
902 1814 998 1877 vegeto

732 1893 862 1952 Lustraut
872 1895 932 1953 aris
945 1895 1082 1969 ignifluam

734 1985 903 2043 Emineutcm
916 1999 977 2042 cum
991 1988 1097 2044 arcibus

735 2073 796 2131 ioci
810 2074 947 2147 complent
958 2076 1095 2136 caloribus

733 2165 835 2222 croceo
845 2165 962 2225 fundunt
973 2165 1098 2230 fulmine.

732 2256 814 2314 fedis
825 2258 880 2317 late
892 2259 1043 2322 lucentibus

731 2348 859 2419 lidusque
868 2351 930 2413 cmii
941 2355 1079 2413 cardinem

733 2439 855 2500 Fratrem
864 2443 941 2517 jurat
952 2448 1095 2506 artioribus

734 2527 833 2583 Lucem
845 2530 943 2592 lustrat
954 2535 1099 2596 corniculis

731 2613 803 2685 ignis
813 2616 933 2676 utbrriis
946 2618 1046 2678 lumina

729 2704 884 2766 Nemorosis
894 2710 1040 2782 cespitibus

729 2798 840 2855 floscidi
852 2803 923 2860 roris
933 2803 1029 2862 sedulo

730 2890 864 2948 Tellurem
878 2892 1095 2959 humectantibus

729 2981 869 3041 fomentis
879 2984 952 3056 globi
962 2985 1054 3059 leculo

728 3073 798 3130 flura
811 3083 891 3147 atque
902 3077 1046 3136 tenerrima

729 3164 848 3238 Quaeque
858 3167 995 3225 virescunt
1007 3179 1099 3228 tenera

728 3255 858 3313 Serenum
871 3271 934 3316 nam
945 3274 995 3330 per
1005 3275 1145 3334 vaporem.

728 3343 811 3403 Prisci
823 3350 943 3418 pandunt
954 3352 1110 3428 pratutgua

728 3433 891 3493 Gemmilera
903 3440 1025 3497 oramina

727 3523 835 3594 0bryro
844 3524 919 3583 reiut
930 3525 1040 3597 limpida

727 3613 793 3671 0rbi
805 3616 960 3673 clarescunt
971 3618 1053 3675 viridi

728 3706 1079 3779 mnuatquectartsstmom

726 3795 1073 3868 Nuncupatuutetuuulne

727 3886 868 3945 Potentem
879 3902 912 3944 ac
924 3890 1061 3946 terrestria

727 3975 799 4033 Satis
810 3988 934 4037 ornatum
946 3979 1063 4037 cultibus

673 4096 676 4101 -
726 4066 847 4123 Gaudent
858 4083 907 4138 per
915 4079 975 4130 orta
987 4070 1109 4128 fulmina.

625 4204 628 4208 ,
728 4153 1058 4226 AEqualem‘dicoactibus

727 4241 848 4314 Quaque
860 4243 908 4300 lari
920 4245 1073 4305 sublimiter

728 4332 845 4402 Surgeus
857 4348 954 4409 nempe
967 4338 1107 4408 proiisltss
1125 4413 1127 4417 y

727 4422 787 4480 Tibi
798 4427 871 4482 salus
880 4441 928 4498 per
937 4429 1035 4485 smeola

727 4513 832 4573 Naueat
844 4516 1033 4575 immortaliter

726 4601 776 4659 Odi
790 4605 868 4674 buius
880 4605 1028 4662 enormiter

727 4691 855 4766 liefragat
867 4704 947 4769 atque
957 4695 1078 4754 vastitas.

726 4784 827 4856 Sospes
839 4786 875 4841 ab
886 4800 972 4861 osque
983 4789 1089 4846 macula

727 4873 794 4931 fine
807 4882 885 4931 tenus
898 4874 1018 4935 tctteitcr.

783 5002 881 5045 uretur
898 5003 1006 5049 earam
1027 5008 1120 5053 struo.

726 5100 792 5157 isle
803 5143 811 5167 ‚
824 5103 899 5172 vale,
912 5103 1051 5165 fidissime.

624 5176 627 5183 ’
724 5189 810 5258 Quem
823 5192 850 5249 in
862 5193 954 5253 cordis
964 5196 1089 5255 cubiculo

725 5279 783 5336 tire
796 5279 869 5336 liora
882 5282 1015 5342 altissime

725 5367 853 5428 Salutatis
864 5372 1032 5444 supplicibus

724 5462 783 5530 Te,
798 5472 824 5520 te
836 5463 919 5523 iterus
928 5465 958 5522 ia
969 5466 1093 5523 omnibus

726 5552 823 5608 Forma
836 5563 864 5610 et
875 5553 933 5613 ristt
945 5554 1050 5612 uirilem
1062 5596 1070 5624 ,

724 5643 809 5701 'fuam
823 5645 936 5718 prinum
949 5647 1121 5718 propaginem

1291 341 1403 400 duriose
1415 344 1550 415 conficere

1290 432 1386 490 Nullus
1397 437 1468 492 salet
1479 438 1633 498 volucribus

1289 523 1391 581 laureo
1403 529 1522 599 aggressi
1534 532 1653 599 gaudiis,

1289 618 1402 674 Summo
1414 631 1504 677 satore
1516 626 1620 683 sobolis

1291 705 1428 765 Generosa
1439 718 1595 784 progenitus

1290 798 1396 857 Statura
1410 808 1581 881 spectabilis,

1289 888 1377 959 Caput
1389 894 1554 955 candescens
1565 903 1686 962 crinibus

1291 977 1393 1036 Lucent
1403 985 1455 1040 sub
1468 987 1556 1045 fronte
1567 990 1667 1049 lumina

1289 1069 1356 1127 coti
1369 1074 1536 1135 candescunt
1546 1082 1632 1139 calida

1291 1162 1373 1220 Gene
1385 1171 1508 1237 gemelle
1519 1173 1634 1231 collibus

1290 1256 1455 1317 i’edctentim
1468 1279 1603 1334 purpureo

1292 1345 1362 1402 Nost
1375 1350 1456 1407 ueluti
1470 1355 1557 1412 rutilis

1289 1441 1375 1498 Aures
1387 1444 1521 1502 oscultant
1534 1449 1624 1505 onttria

1289 1529 1360 1586 dimi
1372 1533 1427 1588 oris
1440 1533 1580 1593 innumera

1290 1623 1374 1680 Adest
1386 1626 1499 1685 uerbosa
1512 1629 1641 1702 fulgidum

1291 1710 1394 1778 Nanos,
1407 1728 1502 1773 manus
1514 1719 1651 1777 mirabiles

1288 1801 1372 1859 libia
1384 1820 1463 1862 eursu
1478 1815 1593 1876 teretes,

1291 1895 1369 1963 Supe
1381 1905 1530 1967 sequuntur
1543 1901 1668 1958 cursibus

1289 1982 1357 2040 Nam
1368 1987 1391 2040 si
1403 1989 1523 2045 centenis
1538 1989 1657 2047 riantitet

1291 2070 1392 2128 Ferrea
1404 2087 1471 2130 voce
1481 2075 1633 2146 fremitans,

1289 2159 1388 2232 Nequit
1400 2179 1466 2221 sane
1476 2169 1504 2222 in
1515 2169 1614 2225 saeculu

1289 2248 1383 2317 Phile,
1395 2251 1493 2309 ebriati
1507 2255 1686 2327 clarissime,

1287 2338 1372 2411 cingo
1384 2345 1484 2401 amoris
1497 2346 1618 2417 uinculo,

1287 2432 1356 2488 Olim
1369 2435 1449 2491 sodes
1461 2439 1644 2510 sanctissime,

1290 2526 1448 2584 litbeinaldi
1460 2542 1521 2586 cmn
1533 2533 1653 2590 vocibus.

1287 2620 1394 2676 Clarum
1406 2621 1507 2678 crearit
1519 2622 1640 2691 actibus,

1288 2706 1372 2766 facto
1383 2717 1411 2765 et
1424 2710 1495 2768 dicto
1509 2711 1645 2784 senilem,

1288 2797 1340 2854 Per
1353 2797 1512 2868 profundam
1527 2800 1682 2872 indaginem

1288 2890 1386 2947 Neutis
1400 2900 1481 2962 atquc
1494 2893 1626 2964 inspicere

1288 2987 1391 3044 Summi
1401 2991 1464 3046 coeii
1478 2992 1529 3048 sub
1539 2992 1666 3049 nubibus.

1286 3077 1442 3151 Loquemur
1454 3098 1547 3152 parum
1559 3085 1670 3156 trepidis

1288 3169 1369 3227 satus
1380 3171 1452 3229 fuisti
1463 3173 1561 3230 nobilis

1286 3260 1422 3320 Genitrice
1435 3264 1593 3334 expeditus.

1287 3351 1364 3410 Statu
1377 3362 1404 3410 et
1414 3353 1503 3410 iorrna
1513 3356 1593 3427 agilis

1286 3446 1403 3518 Cingunt
1414 3449 1503 3520 capilii
1517 3450 1622 3508 nitidis.

1285 3543 1343 3598 Lati
1355 3557 1404 3598 ceu
1418 3557 1466 3612 per
1476 3542 1595 3599 eulmina

1283 3632 1354 3690 Clari
1367 3634 1477 3707 fulgoris
1488 3635 1576 3691 sidera

1284 3724 1473 3780 Gloroertutur
1484 3740 1544 3781 cum
1555 3725 1674 3792 ollibus,

1279 3808 1364 3871 'Pictm
1376 3813 1437 3870 fuco
1446 3823 1474 3870 ct
1487 3813 1584 3869 uireo:

1283 3907 1380 3965 Nadiat
1390 3906 1467 3963 ualde
1477 3905 1599 3963 flosculis

1284 3997 1372 4054 larba
1384 4011 1419 4052 ex
1430 4010 1478 4052 ore
1490 3994 1595 4065 prodita

1282 4091 1424 4162 Nequeunt
1435 4090 1485 4148 lari
1497 4104 1610 4147 munera

1282 4185 1383 4255 sopuia
1396 4194 1423 4240 et
1435 4198 1516 4240 omne
1528 4182 1658 4239 lucidum.

1245 4329 1253 4345 ,
1282 4274 1395 4330 liulfum
1408 4274 1490 4342 pedes
1504 4272 1647 4344 placabiles

1282 4363 1396 4419 'fautum
1411 4362 1496 4419 fortes
1508 4373 1538 4418 ot
1548 4362 1679 4432 sonipest

1281 4454 1417 4511 Salicutes
1429 4451 1592 4523 praepetibus

1280 4544 1400 4616 Quisque
1413 4544 1492 4615 liguis
1504 4554 1532 4601 ct
1542 4545 1642 4600 vocitet

1282 4635 1365 4692 Valde
1378 4645 1406 4699 et
1416 4650 1463 4691 ore
1475 4637 1613 4703 crepitans

1281 4731 1357 4788 illius
1370 4730 1423 4787 fari
1434 4733 1544 4788 oraculo

1281 4825 1416 4893 Quantum
1430 4824 1531 4881 mundo
1543 4823 1695 4881 mirabilem

1280 4917 1372 4988 Neque
1385 4918 1469 4974 altu·
1487 4917 1624 4989 ingenium

1280 5008 1356 5065 lilius
1369 5009 1439 5066 ualet
1452 5011 1611 5069 somntibae

1279 5101 1355 5170 Quod
1368 5101 1467 5158 idcirco
1477 5117 1530 5159 uon
1543 5103 1631 5159 offero

1278 5192 1328 5260 Qui
1340 5195 1432 5250 muudi
1442 5194 1588 5264 peremnia

1279 5286 1412 5356 Sospitem
1427 5294 1481 5341 tete
1496 5286 1621 5343 sordibus

1279 5378 1363 5448 ‘fugat
1376 5385 1459 5433 totum
1474 5376 1604 5438 tutamine

1282 5467 1342 5523 liite
1353 5467 1471 5523 reddens
1482 5465 1615 5536 refugium

1282 5557 1363 5627 inque
1376 5558 1446 5613 locet
1458 5557 1604 5613 ethereum

1282 5648 1331 5707 Ubi
1344 5664 1450 5724 semper
1462 5648 1631 5708 consortium
