3832 6114
136 277 188 335 ott
630 279 764 337 Nottttt
785 281 817 338 tri
837 278 1043 338 Silil'lleUll
1065 282 1177 341 Pbl‘bll
1198 288 1230 342 ll.
1699 297 1750 356 990

133 398 252 455 tissimus
267 411 344 465 papa,
359 397 458 451 eisdam
474 398 617 452 motionem
632 398 733 467 protasi
751 398 912 454 Francorum
930 401 953 457 b
969 413 1039 462 rum.
1059 415 1183 457 asserens
1198 411 1226 458 et
1241 402 1306 470 boe,
1334 405 1404 475 quud
1429 405 1499 462 nulla
1509 407 1535 482 ,⁸
1553 423 1613 464 eunt
1635 408 1752 468 ttnsoui

132 492 204 560 ragis
217 490 359 545 nuntiarit.
372 490 447 555 Qiaod
466 491 573 560 quidem
588 490 626 545 illi
642 491 750 548 dubium
768 493 918 549 babuerunt
968 493 1043 562 capia
1071 492 1185 550 suadere
1207 495 1318 563 valeret,
1349 497 1460 566 utquod
1473 498 1558 554 semel
1579 499 1754 556 beatoPctro

131 581 269 637 credendi.
290 578 323 633 tu
333 578 474 635 adhaerens
487 580 526 635 eis
544 581 653 639 missurn
666 583 819 652 apostolicae
833 583 915 651 sedis,
968 585 1064 640 obtulit
1077 586 1203 641 auferret.
1218 588 1250 641 Et
1265 588 1322 643 buc
1334 588 1462 657 praedicto
1476 589 1570 657 imper.
1588 592 1669 644 misso
1686 591 1753 647 red·

95 683 98 688 ’
131 671 179 726 cos
191 669 218 724 in
235 668 374 725 Franciam
389 669 430 724 ire
444 669 452 700 ¹
467 669 592 724 absolvit.
608 671 641 725 Et
656 680 796 741 pergentes
813 672 918 728 marino
969 676 1035 732 deus
1050 677 1076 731 in
1090 678 1236 745 responsis,
1252 679 1380 734 continuo
1394 695 1455 735 eum
1469 680 1502 733 ad
1514 681 1620 749 propria
1632 695 1752 737 remean-

131 756 559 828 itineroqmntoetasttassitiam
582 760 764 827 advenernut3
791 761 818 817 iu
837 777 916 830 quarn
968 767 1031 821 dum
1047 782 1094 835 per
1107 767 1186 822 aliam
1202 768 1271 823 riam
1299 768 1426 835 obsolvit,
1455 770 1499 840 qui
1526 779 1554 825 et
1576 770 1634 824 sino
1658 769 1752 825 ellectu

131 850 326 919 ingredientes,
343 847 560 918 didicerantjam
576 849 733 918 praedictum
751 851 915 909 Francorum
970 856 1080 912 ltotnam
1094 857 1242 929 cunjunxit.

132 954 221 1009 regem
234 937 471 1008 Langobardorum
486 937 552 994 tlues
565 940 646 997 luisse
660 942 822 1012 ingressum,
840 944 916 1014 iusta
1005 948 1071 1002 lium
1082 963 1146 1003 vero
1162 947 1297 1004 antelatus
1307 947 1514 1020 benignissimus
1526 948 1653 1019 Pippinas
1665 947 1772 1004 liram·

131 1030 347 1084 adhortationem
368 1030 478 1084 antelati
502 1029 647 1086 beatissimi
672 1046 749 1102 papae
762 1042 790 1089 et
804 1034 917 1104 promit·
967 1051 1060 1094 corum
1076 1054 1123 1093 res
1140 1038 1247 1108 Papiam
1259 1039 1386 1095 obsidens
1399 1038 1594 1108 constringeret
1605 1039 1751 1104 ciuitatem,

131 1123 234 1177 sionem
245 1137 325 1192 quarn
340 1122 419 1177 beato
446 1123 524 1179 Petro
537 1123 711 1194 jttrejurando
723 1126 865 1207 obtulerat.
883 1128 918 1185 lit
968 1136 1031 1182 tttnc
1047 1127 1188 1193 Aisttrllos,
1203 1128 1387 1183 atrocissimus
1404 1143 1451 1184 rex
1462 1126 1710 1198 Langobardorum,
1723 1136 1757 1182 ut

133 1213 190 1270 ltaec
200 1224 393 1284 cognoscentes
403 1215 452 1285 ipsi
462 1216 613 1286 imperiales
623 1217 708 1284 utissi,
718 1219 916 1288 tristesellecti,
968 1218 1071 1273 tertiam
1084 1218 1121 1273 illi
1134 1218 1274 1283 tribueret,
1288 1219 1363 1273 etub
1386 1216 1527 1274 obsidione
1542 1229 1671 1282 cessaret,
1686 1231 1753 1287 quas

134 1305 287 1361 nitebantur
296 1305 390 1360 dolose
405 1305 515 1361 missum
530 1308 685 1376 apostolica
711 1311 783 1366 sedis
796 1311 918 1370 detinere
968 1311 1042 1379 prius
1060 1318 1259 1380 contempserat
1270 1311 1437 1380 conscriptas
1450 1310 1476 1365 in
1490 1310 1560 1378 pacti
1576 1308 1676 1365 lettere
1689 1307 1751 1363 red·

132 1395 286 1460 ttasstiam,
296 1394 476 1452 utminimead
486 1398 639 1466 pradictum
649 1412 803 1470 properaret
812 1418 915 1474 rogem,
967 1402 1046 1458 deret
1056 1403 1179 1459 ciuitates
1202 1418 1232 1459 sc
1245 1403 1332 1458 modis
1351 1403 1474 1458 omnibns
1488 1403 1624 1473 prolessus
1637 1413 1677 1458 est
1692 1401 1752 1456 red·

132 1486 281 1557 alliigcutes
295 1502 355 1542 eum
372 1492 382 1522 ¹
397 1488 492 1544 aalide.
629 1512 635 1523 ·
968 1492 1097 1548 diturum.
1114 1493 1147 1548 Et
1160 1493 1249 1548 denuo
1261 1495 1420 1549 coallrmato
1435 1494 1568 1549 anteriore
1579 1503 1665 1564 pacto,
1682 1493 1752 1564 quod
1804 1554 1814 1563 ,

169 1576 233 1646 Sed,
245 1576 438 1633 interveniente
451 1577 528 1633 beato
548 1578 628 1636 Petro
643 1583 827 1650 apostolorum
843 1584 916 1653 prin·
972 1599 1018 1654 per
1033 1583 1151 1653 elapsam
1165 1593 1288 1639 octavam
1307 1584 1478 1640 indictionem
1499 1586 1569 1640 inter
1582 1594 1670 1654 partes
1685 1598 1752 1639 con·

132 1668 202 1734 ripe,
216 1682 309 1722 eorum
324 1667 419 1724 callida
433 1670 465 1723 ad
485 1670 595 1725 nibilum
611 1671 719 1727 redacta
734 1682 775 1728 ost
786 1675 913 1728 versutia.
969 1684 1086 1741 renutat,
1104 1686 1117 1713 ¹
1128 1675 1242 1730 restituit
1266 1674 1337 1744 ipsas
1357 1675 1477 1729 civitates
1491 1674 1635 1742 praelatas,
1650 1673 1752 1729 adtleus

134 1756 223 1825 ltaque
235 1770 303 1811 uuus
315 1771 347 1814 es
357 1757 432 1825 ipsis,
441 1757 584 1829 Gregorius
592 1761 714 1819 videlicet
723 1775 914 1833 protosecreta,
933 1766 955 1828 B
969 1777 995 1823 et
1004 1777 1120 1822 castrum
1134 1765 1204 1834 quod
1216 1764 1439 1835 cognominatur·
1450 1762 1621 1819 Cumiaclum.

133 1847 286 1917 precedens
310 1848 463 1919 apostoticae
485 1851 556 1906 sedis
570 1853 693 1921 missum,
708 1855 831 1911 celeriter
846 1872 917 1924 prae·
1003 1858 1040 1914 lie
1053 1858 1148 1928 quibus
1160 1857 1283 1912 amnibus
1295 1857 1409 1926 receptis
1421 1855 1571 1911 ciuitatibus
1581 1854 1750 1910 donationem

133 1941 298 1995 nominatum
310 1938 471 1997 Francorum
485 1953 624 1999 assecutus
645 1952 687 2001 cst
710 1961 799 2017 regem
814 1963 823 2001 a
837 1962 914 2017 quem
968 1949 993 2005 io
1008 1947 1113 2019 scriptis
1125 1961 1141 2001 a
1155 1947 1233 2003 beato
1244 1946 1334 2012 Petro,
1350 1955 1427 2016 ptquc
1441 1961 1456 1999 a
1470 1955 1560 2002 sancta
1573 1945 1690 2000 itomana
1703 1944 1750 1999 Ec·

131 2044 159 2087 ct
175 2034 200 2087 ln
227 2032 323 2088 littibus
345 2033 582 2105 Langobardorum
608 2053 660 2093 nan
689 2041 779 2110 procul
800 2054 814 2094 a
837 2041 915 2111 Papia
967 2038 1060 2107 cissis,
1080 2037 1263 2094 salomnibus
1285 2038 1482 2107 inperpetuum
1501 2037 1752 2107 pontilicibusapo-

133 2128 232 2194 reperit
242 2126 348 2181 ciuitate
358 2143 365 2188 ς
375 2137 400 2181 et
409 2127 488 2182 nimis
501 2144 562 2184 eum
573 2130 733 2202 deprecans,
745 2143 825 2204 atque
838 2136 915 2205 ptura
967 2131 1067 2187 stotteo
1077 2129 1148 2185 scalis
1163 2128 1234 2185 ntisit
1245 2127 1443 2196 possidendam,
1458 2143 1518 2197 quae
1528 2136 1555 2182 et
1568 2143 1650 2196 usqne
1662 2126 1754 2183 lauce-

132 2215 267 2284 spnndeos
281 2215 291 2247 ⁸
304 2216 384 2270 tribui
401 2217 548 2286 imperialia
578 2235 701 2288 munera,
722 2229 752 2276 ut
778 2223 917 2280 Rauenna·
968 2237 1018 2277 nus
1039 2222 1066 2276 in
1092 2215 1209 2275 archivio
1223 2227 1323 2274 sanctae
1345 2225 1443 2273 nostrae
1468 2217 1594 2273 Ecclesiae
1617 2218 1752 2272 recondita

135 2307 199 2360 tium
216 2306 321 2371 urbem,
337 2305 377 2362 rel
400 2317 511 2364 caeteras
534 2309 654 2378 ejusdem
670 2313 832 2367 exart-iratus
851 2313 917 2368 eiti-
968 2324 1081 2370 tenetur.
1106 2312 1145 2367 tta
1170 2309 1336 2381 recipiendas
1358 2323 1423 2364 uero
1440 2309 1515 2378 ipsas
1537 2309 1657 2365 ciuitates
1681 2311 1753 2376 tolsit

133 2407 211 2459 tates.
221 2408 248 2453 et
262 2394 350 2453 castra
364 2399 494 2469 imperiali
511 2401 632 2457 tribuens
642 2404 915 2463 cancctleretditiotti.
968 2406 1024 2475 ipse
1038 2402 1279 2459 christianissimus
1293 2400 1453 2455 Francorum
1469 2414 1516 2455 rex
1533 2413 1611 2455 suum
1625 2398 1753 2456 consilia·

134 2495 168 2547 ,tt
178 2507 345 2563 nequaquam
355 2492 458 2547 saluit⁸
471 2494 653 2549 lirinissimnm
664 2495 716 2562 iam
731 2494 777 2552 lati
791 2496 918 2553 Citristia-
968 2494 1081 2564 rium,id
1094 2503 1145 2560 est,
1154 2493 1297 2550 Fnlradum
1310 2492 1487 2548 uenerabilem
1500 2492 1623 2548 abbatem
1634 2501 1662 2547 et
1672 2507 1749 2563 pres·

134 2584 235 2639 nissimi
259 2595 338 2654 atque
357 2584 537 2655 benignissimi
560 2583 645 2640 tidelis
667 2585 726 2652 liei,
742 2597 770 2641 et
790 2589 917 2646 amatoris
968 2587 1100 2657 buterum.
1117 2586 1151 2641 iit
1171 2587 1298 2642 contiuuo
1311 2587 1321 2616 ²
1336 2585 1393 2655 cius
1411 2584 1552 2640 eximietas
1567 2584 1678 2640 feliciter
1690 2600 1752 2642 curn

133 2673 202 2729 beati
217 2673 286 2730 Petri
301 2675 425 2743 apostoli,
455 2675 555 2730 scilicet
581 2676 690 2731 antelati
705 2677 807 2747 Pippini
825 2677 909 2733 iran-
968 2681 1024 2735 suis
1037 2677 1198 2734 exercitibus
1213 2675 1350 2732 Franciam
1370 2674 1516 2745 repedavit.
1540 2674 1752 2732 Protromiuatua

133 2778 226 2818 corum
241 2765 322 2834 regis,
338 2766 465 2820 inclinare
477 2780 535 2830 cor,
560 2775 590 2820 ut
605 2767 711 2821 easdem
734 2768 859 2824 ciuitates
881 2775 910 2824 st
968 2780 1056 2826 autem
1074 2767 1205 2824 Fulradus
1223 2765 1381 2821 venerabilis
1396 2766 1489 2832 abbas,
1504 2775 1529 2821 et
1545 2766 1683 2835 presbyter
1697 2767 1750 2821 lis-

136 2853 193 2908 lora
206 2854 333 2923 imperiali
345 2856 474 2911 tribueret
487 2855 592 2912 ditioni.
617 2858 747 2913 bsscrens
761 2858 846 2914 isdem
862 2859 910 2916 liei
969 2859 1121 2917 rennatiunt
1142 2867 1311 2929 partescum
1331 2856 1419 2912 missis
1432 2856 1487 2926 jam
1501 2854 1548 2911 lati
1564 2855 1669 2912 Aistulll
1684 2856 1754 2927 regis

135 2944 233 3010 eruitur,
249 2944 401 2999 mitissimus
411 2959 469 3010 res,
481 2945 552 2999 oulla
568 2945 674 3013 penitus
688 2946 791 3003 ratione
803 2948 910 3004 easdem
968 2950 1144 3022 coniungens,
1164 2960 1192 3006 et
1203 2964 1251 3019 per
1263 2948 1382 3019 singulas
1397 2949 1550 3019 ingrediens
1563 2949 1684 3004 ciuitates
1700 2959 1752 3002 tara

134 3033 254 3089 civitates
268 3049 282 3088 a
298 3043 428 3104 potestate
455 3035 524 3089 beati
551 3034 631 3101 Petri,
655 3046 683 3092 et
703 3039 763 3106 jore
787 3038 913 3096 Ecclesiae
969 3043 1156 3114 Pentapoleos,
1172 3057 1249 3113 quam
1265 3052 1292 3098 ct
1306 3041 1441 3110 AEmilia,
1455 3057 1553 3113 easque
1567 3043 1709 3111 recipiens,
1725 3049 1754 3097 et

135 3124 270 3192 Romanu,
283 3125 325 3181 rel
337 3126 469 3198 pontificis
482 3127 717 3195 apostolicaesedis
730 3134 918 3201 quoquomodo
931 3098 953 3159 c
970 3133 1079 3191 obsides
1089 3134 1101 3166 ⁸
1113 3147 1160 3202 per
1172 3148 1384 3203 unamquamque
1395 3132 1527 3200 aulercos,
1539 3141 1618 3204 atque
1628 3133 1752 3202 anmatos

134 3215 256 3271 alienari.
271 3216 416 3271 Albrnrans
438 3217 518 3272 etiam
538 3218 587 3272 sub
604 3218 756 3288 juramento
780 3224 851 3293 quod
866 3239 915 3295 per
969 3237 1061 3279 secum
1086 3237 1138 3277 uua
1161 3236 1222 3277 curo
1246 3221 1365 3278 claribus
1379 3232 1513 3292 portarunt
1529 3222 1665 3280 ciuitatum
1680 3221 1753 3280 dulu-

135 3307 233 3360 nullius
258 3307 372 3362 bominis
386 3307 502 3362 latorem
529 3321 589 3362 sese
603 3312 740 3364 certamini
753 3314 850 3382 sapias
864 3314 914 3370 dc·
967 3329 1042 3381 rens,
1057 3313 1167 3367 llamam
1182 3311 1331 3393 conjunxit.

134 3395 228 3463 disset,
243 3396 292 3450 nisi
309 3412 356 3466 pro
382 3410 473 3452 amore
496 3395 567 3453 beati
581 3396 662 3463 Petri,
676 3409 703 3455 et
716 3402 792 3456 troia
805 3404 917 3461 delicta-
1003 3404 1064 3460 ibt
1074 3405 1146 3475 ipsas
1158 3403 1248 3458 clares
1258 3412 1310 3457 tarn
1322 3402 1514 3460 Rauennatium
1525 3402 1607 3471 urbis,
1621 3417 1753 3475 quamquo

742 3492 934 3555 vastabitis
954 3494 1152 3553 lucutoutss.

170 3584 177 3614 ¹
193 3582 272 3637 Manui
285 3584 311 3637 iu
325 3583 443 3652 margine
457 3599 464 3634 :
479 3580 602 3646 totototo,
619 3581 645 3636 id
660 3591 713 3650 est,
728 3583 840 3643 dlutisit.
1003 3590 1013 3622 ¹
1028 3586 1093 3642 Coti.
1110 3585 1185 3650 Luc,
1200 3587 1232 3639 ei.

169 3647 257 3707 'titud
273 3653 348 3718 late,
361 3652 445 3705 ualde.
1004 3660 1015 3691 ⁶
1029 3657 1094 3711 God.
1112 3656 1186 3720 Luc..
1198 3653 1356 3710 Camurium.

172 3715 182 3746 ⁸
197 3723 263 3776 Cud.
280 3722 355 3784 Luc,
370 3721 467 3775 tribuit.
1004 3727 1057 3781 'lu
1072 3729 1120 3792 al.,
1135 3728 1190 3791 ejus
1202 3726 1332 3779 eximietas
1347 3724 1433 3780 deest.
1448 3722 1499 3778 l‘rtt
1519 3721 1560 3779 bis
1579 3723 1669 3780 uerbis
1682 3721 1748 3782 dod.

172 3786 182 3817 ⁸
198 3790 251 3854 til,
260 3790 338 3844 saluit
347 3792 443 3846 scilicet
452 3790 558 3847 antelati
568 3789 674 3863 Pippirsi
683 3792 842 3850 Francorum
850 3799 918 3869 regis
970 3796 1036 3853 Luc.
1051 3796 1128 3850 ltabet
1141 3797 1194 3864 ipae
1207 3811 1262 3849 rar.

134 3861 259 3916 inclinare
269 3877 323 3929 col,
333 3871 385 3916 tle·
1005 3869 1017 3900 ⁸
1031 3868 1096 3921 Coti.
1111 3866 1186 3931 Luc,
1198 3867 1229 3919 tie
1241 3878 1392 3934 unoquoque
1405 3861 1505 3917 tollent.

784 3955 964 4014 vatttotttltt
984 3954 1100 4012 NOTAE.

135 4048 173 4100 ris
185 4045 297 4100 dabatur
309 4044 431 4099 buccina.
446 4042 564 4110 Curtitts,
589 4042 636 4098 lib.
661 4058 688 4098 ιιι
703 4061 709 4097 :
729 4044 818 4100 Patrio
843 4062 914 4104 orare
969 4063 1030 4104 mos
1046 4048 1072 4100 iu
1088 4054 1244 4114 potestatem
1258 4042 1387 4110 pontiacis
1401 4042 1513 4099 bomani
1526 4043 1692 4112 translerrat,
1707 4048 1745 4103 uti

136 4116 274 4169 l’ersarum
288 4117 409 4168 traditum
433 4123 469 4167 est
497 4123 552 4168 orto
576 4114 632 4168 sole
653 4114 754 4168 deatum
767 4119 914 4185 procedere,
967 4127 1057 4173 narrat
1072 4116 1238 4170 Attrtstasius.
1255 4115 1360 4170 Pactus.

136 4188 244 4255 dicium
261 4186 364 4239 illustri.
383 4182 693 4254 Signuutetoberuacslo
715 4187 782 4259 repis
810 4186 916 4242 ducum
1002 4187 1056 4244 bl.
1072 4185 1340 4257 litipsoaciaoerturu
1352 4181 1753 4256 Rausuttotiatuturbit,qttutttgsc

133 4256 255 4309 dabatur.
270 4253 352 4320 lriem,
367 4253 412 4307 lib.
427 4269 441 4304 t
454 4271 460 4308 :
474 4253 554 4316 Tuda,
565 4271 622 4308 eunt
632 4264 715 4309 castro
725 4258 915 4323 trtouareuellet,
968 4257 1124 4312 diuersorum
1138 4258 1266 4310 ciuitatum
1284 4256 1364 4323 ipsius
1385 4251 1569 4309 Rauennatium
1589 4258 1752 4324 coaretatur,

134 4328 235 4396 siquam
254 4323 339 4377 dabat.
365 4323 396 4378 Et
419 4324 487 4378 ittlra
514 4343 520 4379 :
549 4322 610 4394 lpse
632 4324 706 4379 tertio
723 4324 809 4398 uigilia
832 4328 918 4383 tileuti
970 4343 1090 4382 unacum
1105 4325 1752 4407 donatiouedaeisatuorepeemittu,incaussa-

135 4398 246 4466 aqmiue,
262 4410 292 4448 ac
312 4410 343 4448 us
363 4394 422 4447 tttbtt
442 4395 543 4462 quidem
556 4397 617 4449 doto
630 4395 715 4465 siquo,
729 4398 810 4466 pergit
824 4398 857 4450 ad
869 4399 916 4452 de·
969 4398 1040 4451 aioue
1053 4398 1118 4451 beati
1132 4395 1203 4451 Petri
1215 4412 1319 4464 ριιιιιιιι,
1336 4396 1417 4449 eidem
1429 4393 1556 4461 apostolo,
1571 4403 1595 4448 et
1614 4397 1670 4466 ejus
1680 4413 1751 4452 arca·
1792 4451 1794 4454 Α

134 4475 301 4519 ιιιιιιιιιιιιιιιιι
316 4466 363 4518 iter
373 4464 485 4518 callium.
501 4464 674 4519 Aurasunnt.
928 4450 956 4512 Ῑ)
972 4468 1011 4520 rio
1024 4467 1183 4521 sanctissimo
1195 4481 1281 4538 papie,
1293 4474 1368 4533 atque
1378 4464 1493 4518 ontnibtts
1503 4465 1559 4534 ejus
1567 4467 1751 4522 marmaritis

170 4544 181 4570 ⁰
201 4533 319 4589 liestituit
333 4535 401 4602 ipsas
419 4535 534 4589 ciuitates
557 4536 688 4605 praelatas.
717 4534 856 4606 Pippinus,
872 4551 918 4593 co·
974 4537 1134 4606 pontificibus
1149 4536 1290 4607 perenniter
1305 4533 1470 4601 possideudas
1485 4542 1560 4605 atquc
1581 4534 1752 4602 disponendas

134 4604 207 4673 gnita
221 4604 352 4672 bistulpitl
368 4607 438 4673 regis
453 4602 554 4667 irauds.
567 4605 605 4659 ira
617 4614 644 4658 et
653 4603 746 4662 dolore
759 4611 868 4674 exarsit,
880 4617 918 4673 et,
974 4607 1091 4661 tradidit.
1109 4607 1234 4675 lippinus
1249 4620 1295 4660 reu
1310 4605 1472 4660 Francorum
1486 4618 1534 4671 per
1545 4601 1686 4658 Fulradum
1700 4603 1750 4658 ab·

135 4689 206 4727 noro
218 4672 327 4728 decreto
341 4674 421 4739 bello,
444 4689 527 4727 noros
542 4673 645 4743 populis
671 4674 790 4731 delectus
811 4677 916 4733 indixit.
973 4676 1061 4733 batem
1082 4677 1255 4732 exarchatum
1269 4674 1466 4735 Rauennatem,
1481 4673 1514 4726 ab
1533 4671 1674 4738 bistulpiro
1688 4686 1752 4744 rege

136 4743 204 4798 Tum
219 4758 278 4798 cum
292 4746 410 4797 exercitat
432 4743 459 4797 in
484 4743 674 4813 longobardos
699 4745 790 4809 movit.
815 4748 916 4804 bistul-
973 4745 1209 4818 longobardorum
1232 4745 1313 4799 arinis
1338 4742 1611 4805 ablatum,concessit
1626 4741 1704 4797 l‘etro
1722 4754 1752 4797 ct

136 4815 217 4881 pirum
232 4814 264 4867 ad
278 4814 383 4881 Alpium
405 4815 542 4882 angustias
565 4812 682 4882 iugatum
700 4814 786 4882 Papiae
797 4816 919 4885 obsedit;
973 4817 1031 4884 eius
1052 4817 1261 4878 successoribus,
1277 4814 1305 4875 in
1317 4813 1420 4881 siguum
1440 4808 1607 4869 narrationis.
1622 4809 1752 4878 depositis

134 4899 185 4938 uec
199 4883 428 4952 reniarnuuqnatu
440 4883 509 4950 rupti
524 4882 632 4938 loederis
646 4883 669 4937 ei
687 4887 789 4952 roganti
804 4887 920 4943 tribuero
972 4886 1090 4941 claribus
1113 4899 1192 4946 sttper
1218 4881 1395 4945 eotrlessioue,
1412 4880 1436 4932 ld
1460 4887 1511 4941 est,
1535 4879 1658 4946 sepulcro
1680 4879 1750 4934 beati

134 4954 229 5020 voluit,
239 4968 377 5021 quousque
389 4953 542 5007 ilauennam
554 4967 613 5008 eum
628 4952 753 5007 universo
760 4954 919 5023 exarchatu,
973 4954 1055 5011 l'etri.
1071 4954 1188 5008 Traditio
1200 4953 1312 5005 clarium
1325 4959 1366 5004 est
1378 4947 1526 5018 symbolum
1542 4946 1694 5013 deditionis,
1709 4950 1751 5005 rat

135 5023 374 5091 l’etttspulimque,
398 5037 430 5077 ac
452 5022 544 5093 viginti
568 5023 690 5077 civitates
717 5023 750 5077 iis
775 5023 920 5093 provinciis
972 5024 1132 5079 dottatiouis.
1149 5024 1265 5077 Annales
1278 5017 1385 5082 Fratre„
1397 5017 1503 5074 adana.
1517 5017 1587 5073 too:
1603 5020 1673 5072 sion
1686 5018 1752 5074 Sar·

134 5095 353 5162 comprehensas,
372 5093 492 5147 llomano
505 5091 623 5160 pontiiioi
638 5093 799 5147 tradidisset.
822 5095 920 5150 bistul·
972 5110 1088 5155 racanas,
1104 5092 1237 5159 proiectus
1255 5089 1337 5150 Oscor.
1353 5089 1434 5141 clarat
1447 5087 1515 5140 urbis
1529 5104 1587 5142 runt
1600 5090 1659 5143 oliir
1678 5091 1752 5145 duait

135 5163 217 5231 pirum
242 5164 339 5230 coegit,
362 5162 447 5231 inquit
470 5163 636 5226 Anastasius,
650 5162 683 5216 ad
708 5162 918 5220 cottbrmandom
972 5166 1025 5236 raqi
1040 5161 1114 5223 arisit,
1137 5160 1284 5231 promittens
1305 5174 1361 5212 eam
1382 5172 1408 5211 rs
1422 5155 1584 5211 traditurum.
1599 5158 1752 5214 Traditious

137 5243 243 5300 pactum
259 5233 327 5302 qaod
341 5248 387 5298 par
401 5240 515 5285 octauum
542 5233 655 5296 elapsam
675 5233 840 5287 indictionem
854 5235 921 5288 inter
972 5248 1111 5288 aurearum
1127 5230 1239 5284 clariora
1252 5226 1350 5282 liasilio
1361 5227 1511 5297 inperatori
1521 5226 1610 5295 Capua
1622 5242 1749 5283 ctrrtcrssa

136 5310 222 5424 Kastra
241 5311 399 5390 provenerat,
414 5311 440 5355 et
463 5301 557 5355 laetam
582 5303 607 5354 in
623 5301 919 5385 scriptisdonatiuuem
971 5299 1119 5384 odrincipe
1136 5299 1225 5423 {arbi}
1244 5299 1296 5353 Leo
1309 5297 1435 5422 organo..
1449 5297 1576 5381 Citrouic.
1595 5297 1749 5422 Catcssinetts.

138 5372 921 5522 „titutliiq'tlti,iiiiititttttliilitltt
972 5372 1140 5518 illuit.
1154 5374 1750 5521 iactatiactatutilitati:

136 5510 286 5576 Septentbrt
300 5526 367 5565 nona
382 5511 491 5567 radictio
513 5511 616 5565 tuttium
641 5511 762 5579 sumpsit.
781 5513 918 5581 l’ippinus,
972 5526 1028 5566 reos
1042 5510 1075 5560 aa
1089 5507 1162 5561 tilam
1181 5521 1263 5575 masat,
1277 5523 1304 5562 te
1316 5517 1341 5562 et
1354 5511 1440 5564 urbem
1460 5505 1752 5587 depromissurum

137 5579 165 5633 io
179 5579 443 5648 Franciamrediens,
456 5581 563 5650 reliquit
581 5581 609 5634 io
629 5581 701 5636 ltalia
718 5581 920 5637 Fulradumab·
972 5579 1142 5649 principatum
1163 5582 1230 5651 ejus,
1255 5595 1300 5648 per
1321 5578 1375 5658 bue
1395 5579 1502 5645 imperto
1522 5575 1633 5630 tradent.
1647 5575 1751 5658 'clares

138 5650 227 5704 batem
241 5651 394 5705 monasterii
413 5653 498 5704 sancti
525 5650 654 5720 llioupsli,
680 5652 725 5719 qui
748 5653 869 5707 ciuitates
893 5651 919 5706 in
973 5647 1087 5718 sepulcri
1103 5647 1336 5728 tttcrosotpntitsut
1356 5645 1535 5716 mirmillo
1557 5644 1751 5701 benedicibili!

139 5729 216 5786 praeto
228 5730 368 5777 corttcutas
387 5721 421 5777 ab
434 5720 574 5789 aisantpno
587 5720 729 5793 reciperet,
747 5730 920 5792 receptasque
972 5731 1049 5776 causa
1064 5716 1324 5790 octcpttt'arolntll.
1341 5715 1435 5774 douai.
1445 5714 1593 5783 trane.,ad
1604 5728 1665 5774 tun.
1675 5715 1725 5774 lltll
