3832 6114
139 338 177 396 ba
851 341 1019 402 bristout
1038 345 1059 402 l.
1743 344 1793 418 ω’

142 471 193 511 nes
210 451 286 510 debet
307 452 436 510 mucclam
457 466 501 511 cut
513 465 615 530 ragom.
628 453 725 514 Pacem
741 472 866 528 namque,
880 457 931 512 Ca·
947 457 971 515 d
985 457 1053 514 eima
1064 469 1157 530 quarta
1176 462 1237 519 luna
1259 478 1344 536 usque
1360 464 1392 520 ad
1409 465 1564 538 vigesimam
1584 469 1697 540 primam
1710 450 1795 547 sup-¹

141 547 302 604 tbolicorurn
313 556 446 615 matrem,
461 558 489 604 et
500 549 615 604 liliorum
631 551 678 605 liei
691 550 848 620 genitricem
862 562 934 616 esse,
987 550 1129 616 putationis
1142 555 1250 623 seriem,
1263 566 1291 611 et
1305 557 1436 627 pascualis
1450 559 1546 616 calculi
1562 563 1707 618 terminum
1720 573 1774 622 tra·

141 639 295 711 evangelica
318 638 491 708 promulgant
512 639 618 695 oracula
634 657 641 692 :
658 638 732 694 ilenti
745 640 858 711 purifici,
873 651 936 709 quo·
985 639 1119 708 dideruut,
1145 660 1225 712 quern
1249 644 1396 717 anticipare
1417 657 1444 705 et
1460 651 1610 720 transgredi
1626 664 1719 708 coutra
1731 655 1777 725 joa

141 732 214 786 nient
227 729 275 798 ilii
289 728 336 783 liei
350 731 520 785 nominatur.
536 729 611 785 liade
623 730 737 786 Dounion
749 740 777 786 et
791 730 933 787 saltatore
985 739 1012 784 et
1025 727 1065 785 ias
1078 732 1196 788 illicitum
1210 733 1268 791 lore
1282 748 1455 793 censtterunt.
1475 740 1559 794 Porro
1574 742 1616 797 isti
1628 745 1776 800 secundum

142 834 263 879 nostros
286 835 392 885 summo
416 821 545 877 coeltnrtrm
570 822 675 892 fastigio
694 823 889 886 descendente,
904 832 935 878 ιιι
985 818 1132 877 decennem
1149 839 1356 897 novennemque
1376 828 1492 884 Anatolii
1507 841 1710 901 computatum,
1731 848 1777 891 aut

141 906 351 983 chirographum
367 911 525 983 protoplasti
544 912 663 979 deleret,
683 921 711 967 ct
724 913 851 967 mundum
871 926 935 981 pace
986 911 1072 978 potius
1081 911 1156 982 juata
1170 915 1280 983 Sulpicii
1294 915 1385 972 Seueri
1402 918 1532 987 regulam,
1549 923 1593 989 qui
1606 938 1705 977 erista
1723 938 1775 979 au·

140 1008 280 1076 sequestra
304 1004 511 1071 reconciliaret,
534 1003 652 1074 angelica
676 1005 771 1060 cccliiii
796 1003 933 1062 melodia:
985 1017 1078 1058 uorum
1092 1020 1200 1061 ctrrsuut
1215 1007 1378 1079 descripsit,
1403 1009 1614 1081 decimaquarta
1632 1013 1693 1069 luna
1713 1029 1774 1070 cum

141 1089 232 1149 Gloria
247 1094 274 1148 in
289 1093 396 1148 caecius
410 1090 463 1148 lico
475 1099 498 1146 et
509 1085 537 1146 in
552 1099 620 1147 terro
634 1109 686 1164 pne
701 1093 844 1148 bonriniius
860 1093 934 1149 deum
984 1093 1084 1151 ludaeis
1106 1098 1230 1166 pescltale
1245 1110 1440 1156 sacramentum
1454 1104 1607 1171 celebrant,
1627 1121 1688 1160 cum
1707 1121 1775 1162 oeu-

140 1185 289 1242 saturnin
314 1179 347 1240 Et
366 1182 505 1239 rntutsn
523 1201 531 1237 ι
547 1175 619 1250 fiet,
635 1185 737 1254 iuquit,
761 1200 814 1253 pua
834 1185 862 1239 iu
883 1187 935 1238 oir-

139 1286 195 1333 tiata
208 1287 265 1346 tua,
281 1285 303 1332 cl
321 1274 479 1331 abundantia
492 1268 519 1330 in
533 1277 647 1331 turribus
661 1277 720 1331 tuis.
747 1274 865 1347 Denique
889 1291 935 1331 ru·

140 1383 205 1423 nior
219 1368 347 1423 &clasiae
362 1366 421 1423 idei
435 1367 586 1422 contrarius
599 1367 677 1438 louge
698 1368 803 1438 lateque
823 1382 933 1438 perrre-

138 1459 208 1526 biiii,
226 1457 298 1529 quod
310 1458 363 1513 siut
377 1458 404 1513 iu
422 1458 559 1529 provincia
580 1467 668 1513 nostra
680 1459 787 1528 quidam
803 1458 933 1514 sacerdo·

137 1557 181 1606 tes
203 1557 233 1605 et
246 1549 337 1606 clerici
370 1559 508 1605 tonsuram
538 1550 624 1606 nacti
650 1549 722 1606 Petri
750 1549 931 1618 apostolarum

139 1640 270 1711 prinicipis
285 1640 458 1711 pertinaciter
471 1639 636 1708 refutantes,
657 1654 740 1711 serpae
754 1641 798 1696 tali
820 1655 932 1697 excusa·

985 1191 1054 1237 triam
1072 1186 1201 1243 Ecclesiae
1215 1187 1344 1245 Romanae
1357 1192 1497 1261 pontifices
1511 1194 1544 1248 ad
1561 1197 1704 1263 perlectam
1721 1200 1776 1254 cal·

984 1275 1035 1328 eali
1059 1277 1190 1333 rationem
1204 1290 1359 1350 sequantur.
1380 1282 1433 1337 Sed
1448 1298 1497 1338 nec
1517 1283 1628 1342 Victorii
1642 1290 1774 1358 pascballs

985 1364 1104 1420 laterculi
1128 1368 1300 1436 curriculum,
1321 1370 1366 1438 qui
1392 1387 1483 1426 uxr-sn
1507 1388 1638 1429 annorum
1665 1377 1774 1433 circuiit

983 1455 1145 1521 continetur,
1176 1459 1288 1527 posteris
1312 1461 1469 1515 sectandum
1494 1462 1681 1523 decreuerunt.
1710 1466 1776 1522 Erat

985 1559 1102 1616 namque
1113 1562 1198 1617 genus
1207 1549 1340 1618 quoddam
1354 1546 1544 1608 liareticorum'
1563 1555 1632 1624 apud
1653 1557 1776 1613 Orienta-

983 1633 1032 1699 les,
1046 1637 1117 1706 quod
1130 1638 1418 1698 tessareskaidekatitai
1430 1653 1550 1711 vocatur,
1563 1645 1650 1715 idest,
1666 1657 1776 1718 quarta·

137 1731 219 1789 donis
232 1731 354 1802 apologia
370 1732 542 1802 pertinaciter
556 1730 732 1788 defendentes
747 1733 849 1801 sinunt,
860 1731 931 1803 quod
982 1725 1134 1794 decimani,
1158 1743 1192 1786 co
1206 1729 1277 1799 qaod
1292 1742 1388 1803 quarta
1407 1733 1510 1789 decima
1529 1736 1589 1790 luna
1604 1750 1665 1793 cum
1675 1737 1775 1795 ludaeis

140 1832 282 1880 auctorum
297 1830 327 1878 et
339 1836 535 1894 praecessorum
546 1837 655 1879 suorum
670 1830 806 1878 tonsuram
823 1824 931 1878 imiteo·
948 1807 1119 1876 liebrtstnu
1136 1823 1399 1894 blasphemantibus,
1415 1836 1443 1884 et
1464 1830 1621 1899 margaritas
1636 1828 1774 1904 Evangelii

137 1927 195 1983 tur,
208 1930 276 1986 quos
287 1914 379 1969 dirioa
391 1914 542 1971 illustratos
553 1914 638 1986 gratia
654 1914 735 1970 luisse
746 1913 932 1984 grandiloquis
984 1909 1037 1964 ritu
1075 1925 1218 1981 porcorum
1249 1916 1414 1974 calcantibus
1440 1917 1550 1974 Paschae
1577 1920 1774 1980 solemnitatem

135 2007 329 2065 assertionibus
348 2015 544 2071 contutantur,
567 2006 612 2077 qui
635 2006 658 2061 si
679 2020 694 2059 a
717 2007 795 2062 nobis
817 2005 932 2061 sollicite
984 2011 1123 2071 peragunt,
1135 2011 1162 2059 et
1175 2005 1210 2059 ob
1225 2005 1275 2061 boe
1290 2009 1400 2063 alienia
1417 2009 1495 2065 beata
1508 2012 1774 2070 ortliodorurumso·

135 2099 309 2155 sciscitentur
320 2097 380 2168 quis
395 2098 496 2168 primus
508 2107 604 2154 auctor
618 2111 719 2154 rasurae
734 2096 814 2166 liuius
828 2107 856 2154 et
871 2105 932 2151 ton·
982 2089 1093 2147 delitare
1109 2093 1178 2148 iuter
1193 2094 1426 2152 schismaticorum
1441 2100 1616 2157 corteiliabula
1631 2103 1771 2160 infeliciter

134 2204 207 2246 aare
228 2187 373 2255 exstiterit,
397 2190 509 2245 omnino
535 2196 582 2244 aut
604 2189 744 2247 ueritatem
772 2188 930 2259 ignorando,
982 2194 1151 2254 reputamur,
1173 2189 1244 2258 quod
1268 2187 1374 2244 beatum
1403 2191 1628 2260 augustinumin
1655 2195 1772 2253 librode

134 2289 183 2337 aut
193 2280 337 2336 falsitatem
350 2279 747 2336 dissimulandoobmutescuat.
757 2278 809 2335 llos
824 2288 928 2346 autem,
982 2278 1125 2347 nonaginta
1139 2278 1283 2335 heresibus
1297 2281 1399 2350 scripto
1412 2295 1639 2338 commemorasse
1650 2285 1773 2339 memini.

133 2376 282 2432 seeundum
296 2373 471 2444 plurimorum
481 2371 648 2444 opinionem,
663 2372 802 2430 Simonem
817 2372 931 2443 utagicae
982 2368 1047 2424 illud
1060 2384 1125 2426 uero
1138 2385 1217 2442 quam
1233 2372 1310 2428 salle
1329 2387 1344 2427 a
1370 2373 1422 2428 lide
1436 2373 1566 2428 catholica
1588 2373 1732 2444 discrepat,
1743 2383 1772 2430 et

133 2464 204 2521 artis
235 2464 400 2522 inventorem
427 2463 506 2535 buius
537 2472 653 2519 tonsura
675 2464 822 2534 principem
849 2462 931 2519 fuisse
981 2460 1015 2516 ab
1036 2464 1189 2532 euangelica
1210 2464 1351 2521 traditione
1372 2463 1519 2530 discordat,
1545 2465 1615 2534 quod
1638 2464 1771 2520 ultraSa·

134 2555 400 2626 comperimus,quia
413 2555 520 2624 qualem
536 2563 721 2624 quantumque
736 2555 930 2608 necromantiae
981 2553 1066 2609 briaae
1089 2555 1207 2611 fluminis
1230 2556 1326 2611 fretum
1349 2556 1519 2612 liemetarum
1547 2555 1716 2622 sacerdotes,
1737 2555 1773 2611 du

136 2646 268 2702 fallaciam
290 2655 383 2702 contra
407 2645 515 2702 beatmu
541 2644 649 2701 Petrum
671 2643 856 2700 fraudulenter
873 2655 930 2700 ma·
982 2646 1084 2716 privaia
1099 2646 1205 2717 propria
1228 2647 1441 2703 cotitersatiouis
1465 2646 1595 2702 munditia
1615 2646 1771 2717 gloriantes,

137 2739 302 2807 cliiuaretur,
325 2748 460 2796 certamen
487 2739 670 2812 apostolorum
695 2748 723 2794 et
747 2738 840 2796 deceta
866 2736 930 2796 libri
982 2740 1327 2795 uostratacoutmuulouem
1342 2754 1504 2811 magnopere
1525 2738 1725 2803 abominantur,
1744 2739 1771 2794 in

135 2828 284 2886 Clementis
311 2839 393 2887 testes
422 2837 505 2896 suut;
538 2845 609 2896 nos,
634 2827 762 2901 inquam,
781 2830 933 2892 sccurnluut
981 2838 1094 2901 tantum,
1107 2839 1136 2885 ut
1154 2844 1203 2886 nee
1218 2831 1245 2884 iu
1256 2829 1376 2887 Ecclesia
1391 2831 1530 2887 nobiscum
1542 2831 1692 2885 orationum
1708 2828 1785 2882 ofli··

135 2932 337 2978 sacrosanctam
361 2921 511 2992 Scriptura)
532 2923 738 2988 auctoritatem,
761 2921 795 2977 de
817 2927 929 2976 tonsura
980 2920 1021 2975 cia
1033 2920 1182 2989 celebrare,
1198 2936 1248 2976 uec
1267 2923 1300 2976 ad
1316 2937 1435 2978 mensam
1456 2920 1579 2977 ciborum
1595 2918 1706 2989 fercula,
1722 2932 1773 2988 pto

133 3025 226 3070 nostra
242 3015 363 3071 raritatis
387 3013 571 3070 testimouium
594 3014 782 3085 perhibentes,
808 3013 929 3070 diuersas
980 3013 1119 3068 charitatis
1141 3014 1237 3085 gratia,
1259 3014 1360 3082 pariter
1372 3016 1512 3083 percipere
1526 3012 1670 3081 dignentur
1683 3026 1690 3064 :
1705 3009 1769 3078 tpulu

132 3105 169 3162 ob
192 3120 288 3162 musas
320 3106 428 3163 Petrum
455 3105 606 3180 apostolum
637 3107 709 3162 bane
743 3107 823 3163 ritum
849 3122 925 3162 sirm·
939 3152 963 3218 C
980 3102 1035 3158 imo
1057 3103 1206 3174 fragmenta
1233 3103 1393 3159 ferculorum
1426 3112 1454 3159 et
1478 3100 1604 3172 reliquias
1630 3099 1770 3170 epularum

134 3197 219 3266 psissc
232 3197 379 3253 asserimus
393 3197 516 3269 pritnltus
535 3207 564 3252 ut
587 3197 699 3253 formam
722 3205 751 3253 et
771 3197 926 3253 aitnilitudi·
960 3187 1117 3251 'lurconum
1140 3210 1236 3251 canum
1261 3194 1373 3250 rictibus
1391 3203 1419 3251 et
1442 3193 1586 3248 immundis
1605 3189 1773 3247 decorandas

133 3304 194 3345 uem
220 3287 319 3346 Christi
343 3289 370 3346 in
394 3291 483 3361 capite
497 3296 626 3361 gestaret,
648 3290 722 3357 dum,
746 3303 795 3361 pro
820 3290 924 3346 redem-
980 3290 1070 3361 parcis
1084 3288 1237 3360 projiciunt.
1255 3283 1768 3358 vasculoquoquectpltialasautarc·

133 3381 224 3448 plintae
238 3388 328 3438 nostra
342 3382 430 3438 crucis
443 3382 593 3455 patibulum
607 3383 755 3451 subiturus,
771 3398 787 3438 a
809 3382 924 3440 nefanda
980 3383 1052 3439 unsis
1066 3382 1205 3437 sablonum
1228 3380 1335 3452 glareis,
1348 3387 1394 3434 aut
1414 3378 1493 3434 fultis
1508 3377 1657 3433 favillarum
1671 3373 1771 3430 cineri·

133 3471 287 3529 lemausum
302 3483 383 3546 gente
397 3475 482 3531 acutis
504 3474 641 3545 spinarum
657 3475 758 3530 aculeis
778 3475 925 3532 crudeliter
980 3476 1028 3531 bus
1042 3474 1173 3544 expianda
1189 3472 1377 3545 purgandaque
1392 3471 1559 3541 precipiunt.
1574 3467 1632 3524 flou
1645 3465 1771 3522 salutatio

133 3576 325 3636 coronaretur;
345 3567 443 3624 deinde
465 3578 493 3624 ut
515 3573 670 3627 sacerdotes
688 3569 790 3625 leteris
810 3579 838 3626 et
859 3565 925 3625 ttoni
979 3568 1089 3639 pacifica
1114 3567 1271 3636 praebetur,
1295 3580 1347 3619 nou
1372 3562 1492 3618 osculum
1516 3562 1566 3631 pia
1593 3555 1770 3614 fraternitatis

138 3658 303 3715 Testamenti
333 3661 359 3715 iu
384 3672 493 3716 tonsura
516 3671 543 3717 ei
566 3659 657 3716 ltabitu
683 3661 924 3726 discernerentur3
977 3656 1098 3722 offertur,
1125 3657 1229 3711 dicente
1252 3654 1380 3724 dpostulo
1396 3668 1405 3706 t
1421 3652 1540 3708 Salutate
1563 3664 1606 3703 uos
1632 3649 1660 3701 in
1681 3643 1770 3700 osculo

134 3759 272 3819 postrcnto
293 3760 323 3806 ut
344 3751 414 3807 idem
434 3752 571 3822 apostolus
595 3753 691 3824 suique
714 3767 884 3808 staccessores
898 3759 927 3806 et
977 3760 1076 3812 caueto,
1093 3761 1141 3803 uec
1160 3746 1283 3801 inauribus
1304 3745 1461 3807 termentum,
1485 3748 1531 3795 aut
1546 3742 1614 3794 lates
1628 3753 1688 3792 cum
1710 3751 1770 3791 ma·

136 3837 290 3907 sequipedae
309 3839 478 3913 ridiculosum
495 3852 650 3913 gannaturae
677 3841 821 3898 ludibrium
836 3843 863 3895 in
879 3856 926 3912 po·
980 3839 1101 3909 trittergio
1114 3838 1267 3902 ealiibctur,
1281 3846 1367 3902 aeque
1383 3830 1496 3902 pedibus
1511 3829 1545 3884 ad
1564 3829 1698 3883 lavacrum
1712 3826 1770 3896 pel-

135 3927 199 3995 pulo
219 3927 344 3983 bernano
364 3941 516 3998 portarent,
532 3932 595 4003 quia
619 3942 753 3988 eteorum
769 3931 883 3986 barones
898 3933 927 3986 ei
978 3930 1019 3988 ris
1038 3931 1199 4002 apponitur,
1223 3941 1282 3981 cum
1306 3925 1448 3991 salvator,
1474 3922 1585 3978 sindone
1609 3920 1772 3991 praecinctus

135 4020 227 4077 ltustes
239 4023 360 4078 exercitu
375 4035 515 4094 superatos
539 4025 590 4080 sub
605 4039 705 4079 corotta
721 4021 837 4078 renidere
855 4020 927 4076 sole·
979 4020 1171 4093 discipulorum
1192 4017 1273 4089 pedes
1287 4017 1409 4083 abluens,
1424 4028 1545 4069 normam
1561 4010 1637 4067 nobis
1653 4009 1770 4065 tradide-

135 4113 212 4170 baut.
236 4114 365 4170 Ceterum
388 4116 414 4172 in
434 4117 522 4173 l'etcri
548 4116 722 4172 Testameuto
737 4124 854 4169 tonsurae
873 4114 928 4183 sig·
979 4117 1015 4170 rit
1029 4113 1160 4179 imitatnli,
1175 4110 1267 4168 iliceos
1288 4128 1294 4164 :
1318 4109 1392 4165 Sicut
1407 4122 1453 4176 eqo
1468 4106 1527 4176 leci,
1543 4105 1579 4158 ite
1593 4112 1617 4157 et
1631 4118 1675 4157 eor
1695 4101 1773 4171 {acite

136 4221 198 4263 num
211 4219 227 4258 a
242 4204 374 4274 Nazareis,
392 4208 418 4261 it
442 4218 493 4274 est,
515 4208 626 4272 sanctis,
654 4207 681 4261 ui
708 4206 796 4271 fallor,
811 4203 926 4274 sumpsit
978 4204 1047 4261 aliis.
1062 4208 1182 4259 batroso
1192 4201 1215 4256 si
1235 4199 1347 4270 quilibet
1359 4197 1392 4252 de
1408 4195 1519 4261 uostris,
1535 4193 1561 4248 id
1583 4199 1634 4259 esi,
1650 4189 1771 4247 Callicli·

133 4299 285 4354 exordium.
303 4299 349 4353 Est
364 4299 436 4356 enim
453 4299 543 4370 regale
554 4308 582 4354 et
594 4297 761 4354 sacerdotale
774 4295 927 4352 stemmatis
979 4297 1060 4355 cisad
1076 4312 1132 4362 cos,
1149 4292 1286 4350 babitandi
1303 4292 1399 4361 gratia,
1423 4288 1601 4358 perrexerint,
1624 4299 1677 4339 non
1693 4282 1767 4353 prius

133 4388 271 4445 iodicium.
286 4389 352 4443 bani
367 4391 433 4445 tiara
454 4390 524 4460 apud
539 4397 643 4445 setcres
658 4389 685 4443 in
700 4389 788 4457 capito
800 4385 927 4467 secerdo-
980 4389 1011 4442 ad
1031 4385 1196 4442 cottsortium
1217 4381 1367 4442 sodalitatis
1391 4393 1447 4434 suae
1466 4378 1598 4432 asciscere
1618 4375 1785 4445 dignantur,

133 4490 189 4534 turn
204 4480 430 4536 constituebatur.
452 4481 514 4536 llaec
524 4481 606 4553 bysso
617 4489 721 4560 retorto
735 4477 853 4534 rutunda
867 4486 924 4533 erat
939 4499 965 4562 D
979 4494 1058 4549 quam
1080 4475 1253 4546 quadraginta
1268 4471 1373 4527 dierum
1397 4470 1484 4539 spatia
1497 4469 1524 4522 iu
1540 4463 1694 4536 penitendo
1708 4477 1771 4532 per·

132 4572 208 4642 qviasi
231 4572 336 4642 spltmra
359 4573 467 4640 melia,
489 4582 517 4629 et
535 4574 586 4629 ltoc
608 4573 774 4642 significatur
801 4571 827 4626 ia
849 4580 925 4640 parto

133 4662 226 4731 capitis
257 4674 343 4717 niusa.
381 4663 486 4718 Corolia
509 4674 598 4718 atatem
629 4660 743 4716 latitudo
775 4673 854 4715 aurea
884 4666 927 4714 est

133 4756 225 4811 circuli
246 4772 305 4825 quae
318 4773 411 4827 regum
439 4757 523 4828 capita
543 4757 640 4826 cingit.
666 4755 816 4822 Utrumque
837 4753 927 4822 itaque

133 4845 410 4915 signomcmrnnuur
429 4847 457 4901 in
476 4848 562 4917 capite
588 4846 759 4908 clericorum,
782 4843 863 4899 Petro
888 4841 928 4897 di-

133 4946 234 4994 cente:
254 4937 307 4995 toi
329 4939 390 4993 eatis
402 4955 481 5010 petrus
501 4941 619 5003 electum,
644 4937 729 5009 requie
742 4935 926 4991 aneudotiuut.

133 5029 191 5086 liae
207 5031 258 5085 ritu
273 5029 401 5087 tondendi
414 5039 441 5085 et
450 5031 560 5086 radendi
576 5037 604 5084 ut
617 5029 681 5083 uitia
695 5036 849 5083 resecentur
873 5026 928 5096 sig-

131 5131 222 5187 natur,
248 5131 276 5178 et
298 5124 419 5179 crinibus
445 5126 534 5180 carnis
558 5133 655 5179 nostrae
678 5123 753 5193 quasi
772 5119 928 5176 criminibus

129 5227 277 5270 exuamur.
413 5278 422 5291 ὓ

167 5302 218 5358 list
242 5305 331 5361 'autem
353 5306 437 5362 altera
453 5307 589 5363 crudelior
612 5305 761 5361 animarum
777 5303 924 5375 pernicies,

129 5398 222 5468 quud,
246 5398 272 5454 in
287 5409 458 5456 sacrosancta
475 5401 590 5470 pascltali
606 5400 794 5465 solemnitate,
813 5408 927 5454 otmarus

131 5492 242 5547 l'airutn
262 5492 380 5562 regulam
398 5506 451 5546 nou
473 5502 601 5555 sectatur,
614 5489 660 5561 qui
671 5490 697 5544 iu
713 5490 822 5546 flicmuo
837 5490 927 5545 rottei-

130 5586 169 5640 lio
191 5584 438 5641 decennovenalem
461 5583 582 5639 laterculi
611 5583 743 5638 circulum
768 5583 926 5652 peregrlna-

129 5678 193 5731 dam
214 5684 243 5730 ct
262 5675 450 5730 licitdcltadam
474 5689 559 5745 usquc
585 5673 618 5728 ad
643 5675 723 5729 bitem
744 5674 837 5728 mantili
851 5681 926 5729 recto

129 5764 238 5822 tramite
252 5764 393 5823 decursum
405 5764 494 5837 sagaci
508 5763 620 5821 solertia
633 5774 790 5823 mouerunt.
809 5764 864 5821 lita
881 5765 925 5821 dc-

978 4583 1059 4639 agere
1073 4565 1282 4637 compellantur.
1303 4562 1338 4617 lit
1357 4561 1383 4616 io
1403 4560 1456 4616 trae
1475 4559 1617 4617 haereticos
1630 4554 1772 4611 infeliciter

979 4660 1128 4722 imitantur,
1142 4654 1186 4725 qui
1200 4669 1230 4709 se
1245 4648 1388 4721 Kalliaros,
1401 4649 1481 4705 idest
1495 4649 1609 4706 mundos
1622 4628 1778 4710 nuncuparl'

978 4749 1131 4807 uoluerunt.
1157 4745 1228 4801 lieu!
1257 4745 1320 4809 licta,
1337 4755 1387 4812 pro
1402 4739 1483 4794 tantis
1498 4737 1653 4794 erroribus!
1682 4733 1773 4803 potius

978 4859 1057 4913 quam
1074 4841 1166 4896 liutai
1179 4839 1269 4894 Euat!
1285 4834 1444 4905 lacrymosis
1458 4832 1567 4887 vocibus
1580 4837 1607 4884 et
1619 4822 1770 4897 querelosis
1862 4844 1864 4850 ·

979 4933 1136 5005 singultibus
1149 4929 1296 5000 lugubriter
1309 4923 1525 4997 ingeminandum
1541 4933 1616 4984 reor,
1640 4927 1670 4972 et
1683 4927 1768 4972 toturn

979 5027 1031 5081 lanc
1041 5032 1134 5081 contra
1148 5020 1285 5089 Euaiigclii
1304 5025 1436 5089 precepta
1451 5013 1598 5068 secuudum
1620 5011 1770 5068 Pbarisao·

980 5130 1037 5174 ratu
1049 5118 1143 5172 luaues
1160 5113 1317 5168 traditiones
1330 5120 1409 5179 agere
1422 5113 1588 5174 noscantur,
1601 5103 1712 5161 cbristo
1727 5117 1769 5158 sc·

981 5211 1080 5265 rariter
1094 5205 1255 5277 astipulante
1267 5201 1374 5270 illeille.
1387 5201 1467 5274 satta)
1483 5219 1490 5257 a
1518 5200 1564 5257 tu
1574 5201 1656 5264 uniit,
1672 5197 1771 5255 Scribis

978 5313 1002 5358 rt
1019 5299 1154 5365 l’lmriami,
1171 5295 1214 5367 qui
1226 5294 1354 5349 tritrndutis
1368 5295 1436 5366 quoti
1451 5293 1516 5364 soris
1530 5300 1565 5346 est
1582 5290 1707 5343 solicitet
1724 5301 1771 5354 pa·

978 5391 1099 5460 nopsidis.
1115 5387 1180 5442 llam
1195 5385 1324 5440 bilarinus
1339 5400 1398 5439 cam
1413 5383 1560 5453 publicanis
1577 5387 1604 5433 et
1622 5373 1772 5444 peccatori·

979 5484 1028 5539 bus
1042 5479 1162 5536 ctionlria
1186 5477 1337 5532 celebrasse
1355 5472 1527 5531 describitur,
1549 5474 1577 5520 ut
1590 5476 1669 5519 verus
1686 5459 1772 5517 niedi-

978 5589 1026 5631 cus
1037 5570 1189 5644 purulentis
1204 5570 1355 5624 animarum
1369 5563 1527 5620 rttlucribus
1542 5559 1640 5612 dirime
1662 5557 1772 5627 pietatis

978 5664 1154 5722 iiiedieamiua
1169 5671 1196 5719 et
1219 5659 1338 5718 celestis
1350 5653 1500 5711 clementia
1513 5651 1675 5719 cataplasma
1689 5660 1765 5707 com·

978 5768 1097 5833 poneret.
1113 5756 1214 5816 idcirco
1228 5759 1396 5826 peccaterum
1409 5746 1554 5818 consortia,
1571 5744 1773 5802 ruarisaerum
1787 5830 1790 5834 Δ
