3832 6114
135 269 202 326 itit
755 252 930 317 stitittol
984 252 1083 310 PAPAE
1104 254 1138 310 ltl
1713 250 1782 308 itit

135 379 213 454 pisci.
229 378 391 433 imolensem
413 373 617 445 religiositatem
641 379 760 427 restmm
784 381 865 440 atque
877 380 925 423 ex·
943 364 1107 436 nsptnrutis
1120 373 1206 421 muter
1218 373 1306 420 restis
1322 356 1369 418 net
1385 359 1517 429 occlusti,
1540 361 1647 432 eteius
1667 365 1780 432 populus

134 469 286 528 0²⁸¹0¹¹¹¹³¹²
300 478 373 521 lm
387 467 473 536 imit
486 480 603 535 sepone
615 464 764 520 custodient.
979 458 1121 512 universus
1135 456 1265 512 exsultat.
1281 454 1351 509 llam
1367 463 1394 509 et
1409 453 1436 508 in
1461 453 1502 507 luis
1518 452 1584 524 ipsis
1598 452 1697 508 restris
1714 455 1780 511 lere-

419 594 585 652 Ep'swffl
605 594 649 651 „L
670 546 674 554 ’
979 548 1058 602 lictor
1080 548 1215 618 apicibus,
1230 555 1285 603 tots
1302 555 1391 601 restra
1408 545 1508 601 uirtute
1528 544 1780 603 rusdeccmxurm

154 705 282 745 tudertin
303 703 376 743 curn
396 703 424 741 ιιι
444 702 477 740 tu
496 701 619 740 ctuouou
639 700 674 739 or
693 697 909 740 onnounttttttoti
979 652 1028 707 pm
1041 638 1305 742 engenffisffmmm
1319 645 1480 742 Wom
1502 646 1586 692 mm
1600 635 1777 739 hanffm’

485 770 579 810 „m
978 738 1007 786 et
1028 741 1129 786 succine
1148 731 1194 785 liet
1221 729 1364 797 deciens,
1391 741 1471 799 uthre
1493 726 1520 783 in
1545 741 1579 784 ea
1602 741 1780 798 promissione

136 872 289 929 Grnlulniur
302 873 337 924 cis
351 869 419 938 quod
441 868 476 922 nd
490 869 631 940 {rotonum
649 868 815 922 concordiam
838 883 928 922 recott·
979 835 1090 888 ’ΝΜ
1108 836 1169 890 qum
1192 836 1206 874 ²
1231 831 1323 876 'emo
1341 831 1512 891 mmmm
1535 827 1640 874 ΜΝ
1661 821 1780 875 Μ’

173 944 254 998 cilicii
268 943 328 995 mitt.
346 939 413 993 Petit
428 951 455 993 ut
472 939 654 1004 dnnponordos
672 949 764 1009 copuni
781 954 811 992 en
825 938 931 992 reddere
981 912 1062 967 “⁰⁰³³
1085 913 1188 966 (¹⁰'¹¹”⁰
1204 912 1316 991 Pii'i'nm
1331 912 1418 968 eidem
1444 911 1557 980 ΙΤῙΜῙΡῙ
1583 911 1778 978 ²i'⁰⁵¹⁰¹⁰⁰¹⁸·

172 1013 278 1085 quode
295 1011 449 1075 palumento
466 1008 760 1063 Ecclesioinuoserunt.
981 1010 1009 1058 et
1030 1002 1090 1072 eliis
1109 1004 1215 1057 vicariis
1241 1003 1310 1057 lecte
1336 1015 1389 1071 est,
1416 1003 1526 1070 polliciti
1551 1003 1618 1058 estis
1639 1018 1700 1059 esse
1720 1018 1780 1074 per·

175 1104 293 1160 Dominis
307 1102 546 1158 excelleutissimis
567 1101 641 1168 iuliis,
667 1100 765 1155 Currxln
779 1109 807 1154 et
820 1099 931 1173 Curnltt-
983 1109 1132 1157 emansores,
1146 1105 1172 1149 et
1185 1094 1444 1166 plenariasjustitius
1458 1108 1561 1150 sancito
1578 1093 1626 1151 ilci
1643 1096 1778 1162 Ecclesiae,

139 1212 249 1263 mantuo,
259 1195 366 1265 regibus
377 1193 553 1256 Francorum,
565 1200 593 1245 et
604 1190 725 1260 putriciis
739 1190 931 1258 Rornanorum,
982 1197 1062 1258 utque
1083 1188 1142 1257 ejus
1167 1188 1358 1244 exaltationem
1378 1204 1440 1244 esse
1464 1199 1637 1258 operaturos.
1662 1188 1696 1243 lit
1721 1187 1780 1258 qui·

140 1287 384 1357 snpienuspupu.
983 1281 1043 1336 dent
1068 1296 1127 1347 nos,
1153 1281 1370 1337 excellentissimi
1394 1281 1440 1336 lilii
1466 1281 1693 1336 christianissimi
1727 1295 1781 1336 nus·

177 1379 336 1435 Benedictus
361 1375 491 1431 uenturus
514 1374 585 1429 oeus
605 1379 805 1441 sustentator
827 1368 933 1426 misen-
983 1377 1029 1449 pn
1045 1392 1132 1448 repes.
1149 1378 1258 1432 ornninn
1272 1376 1307 1431 de
1330 1378 1380 1431 truc
1410 1374 1494 1443 cerri,
1510 1383 1592 1446 atque
1615 1375 1644 1431 in
1661 1375 1781 1430 unnim

141 1470 306 1528 eordioiottl.
321 1475 349 1522 ol
364 1467 434 1522 lietu
449 1469 530 1519 lolius
545 1463 749 1528 consolationis,
767 1463 811 1533 qtti
834 1475 933 1516 conto·
986 1468 1116 1522 seriniarii
1139 1482 1242 1533 sumus,
1264 1467 1335 1538 qunti
1359 1467 1432 1521 nulla
1448 1465 1588 1522 hominum
1612 1467 1715 1531 suasio,
1738 1474 1782 1522 atti

140 1563 252 1617 lateret
264 1558 422 1631 propitietur
435 1558 528 1611 existit
540 1558 661 1611 omnium
676 1555 854 1610 irrrocouiiium
871 1567 934 1609 eum
986 1559 1174 1615 tltcsuurorum
1199 1558 1306 1626 cupiusu
1332 1557 1418 1622 (lotio,
1447 1572 1495 1613 ros
1519 1556 1621 1628 poterit
1635 1557 1781 1626 declinare,

141 1654 168 1706 iu
192 1651 316 1705 ueritate.
344 1648 404 1717 lpse
426 1648 499 1703 enim
524 1647 689 1714 Retletttptot
712 1652 814 1710 notter,
840 1655 935 1713 preest
987 1659 1032 1705 sut
1046 1650 1080 1704 al>
1095 1650 1188 1705 eadem
1204 1659 1291 1703 restro
1306 1649 1485 1718 promissione
1498 1662 1580 1717 quum
1604 1647 1686 1701 beatu
1706 1647 1784 1702 Petro

140 1741 313 1797 elanmntiem
328 1738 362 1795 ad
377 1753 407 1793 se
421 1737 580 1798 exurxdicns.
597 1735 769 1791 moerentium
785 1734 937 1789 tribulatio·
952 1730 1171 1809 Bspopoudistis
1194 1738 1385 1808 quoquomodo
1409 1739 1563 1792 immutare.
1588 1737 1691 1792 Temen
1713 1748 1785 1792 neoc

141 1848 189 1890 stes
203 1833 237 1889 ad
253 1831 378 1902 pendium
393 1830 536 1886 contremit.
549 1829 627 1896 Qurud
642 1839 717 1884 certe
731 1842 802 1882 nitruc
817 1827 843 1880 in
858 1827 936 1883 nobis
988 1831 1144 1886 llrnuitutem
1168 1839 1285 1885 uestrum
1300 1831 1547 1900 comprobavimus,
1562 1829 1623 1884 dum
1648 1844 1703 1884 nun
1718 1844 1786 1884 cor·

141 1937 222 1993 atque
246 1925 377 1977 uniuerso
391 1920 520 1989 peculiari
546 1919 643 1990 populo
658 1928 759 1972 sarrctce
777 1918 823 1972 liei
840 1917 935 1972 Eccle·
988 1924 1091 1991 rupturi
1112 1931 1139 1978 ct
1160 1921 1249 1993 fragili
1275 1920 1390 1986 lxumiui,
1416 1920 1464 1975 sed
1489 1920 1544 1975 lieo
1559 1919 1737 1989 omnipotenti
1757 1927 1786 1973 et

141 2019 190 2071 siue
203 2017 272 2083 cius,
285 2015 382 2069 ditium
402 2015 509 2080 pietatis
529 2011 683 2074 clementia,
698 2020 725 2064 et
740 2009 936 2065 misericordius
986 2013 1046 2082 ejus
1060 2011 1244 2080 apostolurum
1261 2012 1374 2079 principi
1391 2012 1498 2080 placere
1515 2009 1690 2075 procurastis.
1711 2008 1786 2064 llnde

145 2105 310 2176 lenignitnte
324 2104 461 2158 cerrtimus
476 2116 538 2158 esse
551 2100 689 2166 diffusum,
705 2102 732 2155 in
747 2114 780 2156 eo
794 2099 866 2171 quud
882 2114 938 2154 nu·
986 2100 1085 2157 obruite
1109 2112 1235 2171 munuum
1250 2099 1453 2171 promseruiulitcr
1475 2100 1615 2170 petimus,
1645 2109 1673 2152 ut
1696 2112 1786 2154 curam

147 2208 209 2251 strce
233 2196 364 2250 orationis
379 2204 439 2250 rota
465 2193 626 2258 exaudiens,
650 2193 776 2248 meroris
790 2191 874 2248 nostri
895 2192 937 2246 lu⁴
987 2194 1044 2251 osu
1059 2195 1119 2249 tiro
1133 2195 1179 2264 nni
1193 2209 1240 2248 rus
1256 2208 1369 2263 regnare
1384 2193 1520 2261 praecepit,
1537 2190 1719 2258 conjuramus
1741 2203 1785 2243 ex·

146 2286 337 2342 meritatiuuem
360 2298 441 2353 neum
466 2298 553 2354 usque
578 2284 707 2340 hactenus
732 2283 875 2338 imbuimus
902 2297 935 2338 ex
987 2288 1143 2344 cellentiem
1158 2295 1285 2350 restrum,
1300 2295 1330 2340 ut
1345 2284 1478 2356 plenarius
1492 2282 1613 2354 justitias
1628 2282 1702 2338 beati
1719 2278 1786 2337 l’etri

144 2379 347 2448 ipxsadirisione
361 2376 514 2442 discordie,
530 2392 609 2445 onam
632 2378 758 2447 antiquus
775 2376 860 2431 ixostis
882 2376 937 2432 ini·
988 2378 1039 2435 sub
1062 2378 1143 2433 trimis
1166 2377 1322 2444 uelocitate,
1349 2375 1495 2431 secundum
1519 2373 1695 2447 capitulare,
1718 2374 1785 2444 need

146 2471 231 2524 etiem
245 2469 319 2540 pects
341 2469 410 2522 intra
425 2476 540 2523 vestrum
566 2467 758 2523 fraternitatem
772 2465 935 2533 immiserat,
987 2472 1063 2527 rubis
1080 2487 1126 2541 per
1138 2481 1285 2542 pincentes
1300 2480 1403 2524 uestros
1428 2468 1604 2523 doctissimus
1629 2469 1729 2522 missus
1749 2464 1786 2521 di·

144 2574 216 2616 nunc
230 2558 286 2613 oec
300 2558 425 2628 propltio,
451 2557 545 2613 eodeni
561 2558 689 2628 pestileru
704 2556 804 2612 aetnulo
822 2557 939 2613 coniuso
989 2559 1119 2627 reximus,
1134 2560 1254 2629 exigere,
1279 2565 1307 2613 et
1329 2556 1410 2612 beato
1431 2556 1512 2612 Petro
1531 2557 1649 2612 reddere
1660 2553 1786 2626 jubeatis,

146 2655 172 2709 in
194 2667 363 2709 communem
386 2650 558 2707 dilectionem
581 2661 609 2706 et
623 2651 806 2717 concordiam,
830 2656 860 2704 ut
875 2662 938 2704 rere
989 2655 1058 2710 sicut
1079 2661 1107 2709 et
1130 2661 1220 2706 vestre
1244 2650 1365 2704 continet
1390 2649 1544 2717 promissio,
1559 2658 1589 2702 et
1611 2645 1702 2701 omnia
1727 2658 1787 2713 qua

146 2747 267 2801 uterinos
285 2755 312 2800 οι
326 2758 469 2816 germanos
483 2744 580 2800 turres
594 2758 642 2799 tus
662 2758 798 2801 connexos
810 2742 938 2800 essedis·
990 2745 1071 2800 liceto
1086 2734 1177 2808 Petro,
1193 2754 1221 2798 et
1235 2741 1295 2812 ejus
1309 2739 1416 2797 vicariis
1430 2739 1491 2796 cum
1511 2748 1604 2793 uestro
1618 2747 1721 2794 sauctae
1734 2753 1787 2791 tue·

146 2845 249 2901 centes,
265 2837 292 2890 iu
306 2851 429 2905 euagrium
445 2835 566 2891 lotitiam
578 2843 737 2891 convertere
748 2835 873 2906 digrxatrxs
886 2843 939 2890 est.
990 2836 1084 2891 luorico
1095 2835 1266 2904 prupeulture
1278 2832 1449 2903 promisistis,
1462 2829 1610 2901 odimp'ere
1620 2829 1787 2903 dignemini:

147 2930 250 2998 linque,
274 2920 515 2997 precellentissimi
532 2924 589 2990 itit,
614 2929 702 2994 magni
725 2925 939 2981 victoriosissimi
991 2938 1124 2997 quatenus
1146 2926 1331 2980 intercedente
1345 2920 1442 2979 eodum
1459 2921 1579 2992 principe
1600 2921 1789 2991 apostulorum

148 3032 238 3091 repes,
260 3032 287 3075 et
301 3021 348 3076 Dei
359 3021 525 3091 providentis
540 3019 624 3072 nostri
639 3017 820 3072 ilementorum
835 3015 939 3086 patricii
992 3021 1138 3089 perlectum
1162 3021 1197 3075 alx
1217 3020 1401 3090 omnipotente
1417 3016 1472 3073 ileo
1494 3017 1520 3071 in
1540 3016 1667 3086 presenti
1683 3015 1738 3070 rita
1759 3024 1790 3070 et

147 3112 343 3183 conjungentes
356 3111 390 3166 ad
406 3125 455 3166 nos
465 3109 615 3165 iidclissiml
627 3123 659 3164 ec
671 3108 844 3165 solertissimi
854 3109 938 3165 vestri
991 3112 1081 3168 lutura
1095 3111 1287 3170 beatitudinem
1301 3110 1463 3182 suscipiatis.
1479 3110 1539 3167 Post
1552 3106 1636 3163 ileum
1653 3108 1684 3163 in
1708 3107 1789 3164 rutis

148 3204 233 3265 irrissi,
256 3202 358 3256 scilicet
370 3202 549 3257 Gurxeioertus
570 3201 815 3256 reverendissimus
829 3210 857 3256 et
877 3216 940 3258 sso-
991 3203 1120 3261 lxaleemus
1136 3204 1271 3271 luduriam,
1287 3215 1315 3260 et
1335 3204 1361 3258 in
1377 3216 1466 3258 uestro
1484 3215 1586 3270 sutum,
1601 3210 1687 3271 atque
1700 3200 1788 3256 ciari-

148 3292 283 3347 cilssimus
297 3291 381 3346 ireter
396 3302 486 3347 noster
500 3293 653 3362 episeopus,
678 3302 758 3364 utque
772 3290 939 3350 fuchbertus
990 3296 1054 3350 tutis
1067 3295 1221 3358 dilectione.
1236 3295 1346 3350 irrutiter
1358 3309 1444 3368 usone
1456 3292 1489 3348 ad
1503 3292 1620 3347 ausimum
1637 3299 1669 3347 et
1681 3288 1787 3363 ειιιιςιιί·

148 3383 301 3454 religiosus,
317 3391 344 3438 et
359 3383 518 3453 scrindos,
533 3398 582 3441 sett
606 3383 790 3456 llelmugurius
802 3384 940 3457 gloriosis·
991 3387 1032 3442 nis
1058 3385 1216 3442 ellusinueru
1232 3401 1283 3441 una
1299 3400 1360 3440 cum
1388 3384 1514 3440 universo
1530 3380 1632 3451 populo
1648 3395 1786 3449 permane·

149 3476 212 3531 simi
233 3475 326 3542 vestri,
350 3475 506 3531 detulerunt
530 3475 608 3530 nolis
630 3475 801 3532 lionorulxiles
815 3484 842 3530 et
861 3474 941 3531 nimis
990 3476 1090 3533 bimus.
1103 3472 1206 3533 tanen
1220 3486 1248 3531 et
1258 3476 1293 3533 de
1306 3476 1357 3532 lunc
1370 3487 1398 3532 et
1409 3477 1443 3532 ds
1454 3474 1581 3530 uruuilsus
1591 3471 1706 3542 justitiis
1721 3468 1790 3526 leel

148 3565 340 3621 desiderabiles
353 3566 480 3636 syllabus,
502 3571 650 3620 arestrau
676 3565 731 3620 lieo
747 3565 870 3620 instituta
894 3579 941 3622 re-
991 3566 1075 3630 i’etri‚
1091 3567 1223 3636 pruedlctls
1249 3565 1348 3622 restris
1372 3563 1462 3621 missis
1487 3562 1614 3619 subtilius
1639 3560 1722 3618 locuti
1741 3575 1787 3616 se·

149 3657 202 3729 guil
216 3658 333 3727 μοιοιιιὲι
347 3657 482 3712 directas:
499 3669 548 3727 per
562 3670 629 3726 noas
654 3656 810 3711 innotuistis
828 3665 942 3712 conten·
991 3671 1062 3727 mus,
1078 3648 1167 3713 restro
1181 3656 1263 3729 repnti
1277 3657 1388 3714 culmini
1400 3665 1496 3713 cuncta
1507 3655 1664 3710 enarrandi
1678 3675 1685 3709 :
1700 3652 1786 3725 etjam

150 3749 233 3804 dunis
246 3748 334 3812 risus,
348 3761 381 3803 sc
395 3747 477 3819 litigia
502 3748 572 3802 iuter
588 3761 636 3802 ros
653 3758 758 3804 termis
774 3748 868 3814 luisse,
893 3746 941 3804 sed
992 3750 1062 3808 elcut
1075 3759 1147 3804 terra
1160 3750 1256 3805 sitiens
1280 3749 1394 3805 imbrem
1419 3749 1600 3816 prestolatur,
1618 3748 1658 3803 ita
1674 3758 1787 3803 sacrem

150 3851 287 3896 tumente
309 3840 424 3897 Domlm
447 3854 519 3897 nune
542 3841 577 3896 ad
598 3855 688 3896 reram
711 3840 894 3908 dilectionem,
913 3850 943 3898 et
991 3843 1136 3909 suxttturu,
1151 3853 1178 3898 et
1191 3857 1339 3915 crxnpruum
1355 3840 1481 3898 ellectum
1506 3842 1542 3897 de
1557 3840 1660 3897 uostris
1686 3838 1788 3911 petitiu-

151 3934 262 3989 sxtitetis
279 3934 462 4000 concordiem,
488 3944 517 3990 ut
550 3935 696 3991 internum
718 3947 849 4002 amorem,
876 3948 943 3992 con·
992 3935 1070 3992 nibus
1094 3935 1272 4004 postulamus.
1296 3936 1329 3990 llt
1352 3935 1453 4002 ridete,
1482 3931 1709 3990 excellentissimi
1731 3929 1788 3997 oti.

148 4028 220 4083 versi
234 4029 370 4083 exstitisse
386 4027 523 4084 uidemini,
544 4030 604 4096 Qun
617 4027 719 4097 andito,
735 4043 832 4100 magno
845 4029 942 4100 prndio
992 4026 1053 4093 nuxis
1067 4026 1234 4082 rihtestumur
1249 4039 1298 4082 etis
1313 4012 1361 4097 per
1386 4024 1556 4080 tremendum
1578 4023 1654 4080 diem
1673 4020 1788 4095 judieii:

149 4123 233 4186 ainus
258 4117 360 4183 letitie,
389 4130 451 4172 curn
478 4118 602 4174 universo
624 4119 723 4189 populo
748 4128 841 4174 nostru
866 4118 943 4174 istius
992 4118 1073 4172 etium
1098 4118 1192 4172 bertin
1218 4114 1312 4172 Petms
1326 4130 1374 4184 per
1394 4129 1445 4170 nus
1464 4126 1513 4170 ros
1533 4112 1790 4182 adhortaturatque

152 4208 296 4274 prouincias
315 4221 331 4262 e
347 4208 421 4263 uubis
435 4209 592 4278 redemptae,
608 4209 703 4278 repleti
726 4222 830 4273 sumus,
852 4219 879 4264 et
893 4224 942 4280 ge·
993 4210 1152 4274 obtestetur.
1180 4219 1209 4265 ut
1231 4207 1283 4264 solt
1307 4208 1389 4262 nimia
1414 4206 1556 4263 velocitate
1579 4206 1658 4275 ipsas
1674 4200 1789 4276 iustitias

153 4299 225 4351 urim
249 4298 403 4353 lentinuus
416 4298 514 4369 pendis
529 4301 691 4370 perepiruus,
716 4299 862 4355 immensus
888 4300 943 4355 lieo
993 4299 1116 4370 ejusdem
1128 4298 1256 4369 principis
1268 4298 1449 4368 apostolurum
1460 4295 1569 4366 exigere
1579 4312 1594 4350 a
1606 4290 1791 4366 Lornoosrdis

151 4394 245 4440 nostro
264 4387 444 4454 omnipotenti
466 4388 616 4446 relerentes
642 4390 789 4461 nuntiarum
803 4389 940 4458 actiones,
993 4391 1125 4462 jubeatis3
1142 4389 1247 4466 fortiter
1260 4404 1308 4445 eos
1321 4404 1383 4444 cum
1398 4389 1445 4443 oet
1461 4387 1560 4443 virtute
1574 4384 1791 4456 distringemus.

151 4484 233 4545 stoue
247 4475 386 4531 uictricem
401 4476 461 4547 eltis
480 4481 650 4536 clementiam
671 4481 866 4552 collaudantes,
878 4498 944 4539 eon·
996 4491 1024 4537 ut
1046 4494 1094 4537 sut
1111 4480 1218 4552 propria
1244 4480 1316 4535 idern
1342 4480 1466 4548 princeps
1488 4475 1690 4545 apostulorum.
1714 4484 1792 4543 atque

152 4581 219 4624 soum
231 4581 292 4621 oum
308 4567 464 4638 proplietien
474 4583 541 4625 uoce
554 4579 694 4626 cantantes
706 4579 786 4645 utque
799 4573 941 4632 dicentes:
994 4590 1086 4636 suncta
1101 4578 1220 4636 Romano
1238 4575 1357 4634 Ecclesia
1372 4573 1492 4644 recipiet.
1516 4570 1583 4628 Nam
1599 4572 1635 4639 si,
1654 4570 1724 4641 quud
1738 4584 1792 4625 noe

152 4659 312 4714 lieuedlctos
326 4673 368 4725 es,
395 4658 509 4717 oomlne
534 4660 604 4718 [ierus
627 4673 728 4731 noster,
754 4675 782 4720 et
804 4667 943 4725 benedicit
993 4671 1143 4740 credimus,
1156 4670 1227 4740 ipsas
1240 4663 1473 4740 iustitiuscxipcre
1483 4661 1672 4734 neglexeritis,
1684 4672 1731 4717 aut
1741 4661 1793 4713 dit·

152 4752 240 4805 omnia
255 4762 338 4820 opert
353 4759 408 4805 lua.
425 4750 496 4808 Ecce
508 4752 579 4808 euim
600 4769 671 4810 nuuc
691 4757 790 4828 posidet
805 4760 875 4815 oeus
895 4774 944 4814 no·
995 4763 1127 4829 tuleritis,
1152 4761 1243 4818 sciatis
1257 4776 1305 4814 uos
1316 4759 1350 4814 de
1375 4756 1435 4812 istis
1450 4757 1583 4811 rationem
1598 4755 1707 4808 lortiter
1729 4761 1793 4808 suo

153 4851 211 4898 ster
225 4843 254 4898 in
273 4843 362 4909 eteius,
388 4845 489 4914 gaudet
512 4854 540 4901 et
553 4847 694 4905 universos
718 4853 816 4905 clinrrts
835 4852 942 4921 angelo·
995 4853 1109 4911 tribunal
1128 4853 1228 4910 eluisti
1240 4852 1327 4908 eidem
1346 4848 1460 4920 principi
1473 4849 1665 4919 apostolorum
1678 4861 1742 4903 esse
1757 4844 1794 4899 ie·

152 4950 231 5001 rum;
247 4946 273 4991 et
296 4935 322 4990 ln
349 4946 420 4993 terra
445 4939 524 4995 etium
551 4951 664 5001 cunctus
688 4944 807 5000 exsultat
829 4948 944 5016 populus
994 4956 1096 5002 cturos.
1122 4943 1151 5000 st
1165 4946 1225 5014 ouis
1249 4953 1337 5000 autent
1361 4940 1439 5007 nuliis
1453 4939 1563 5005 dixerit,
1585 4938 1794 5009 sustinendus

152 5028 330 5097 Christianus,
343 5040 371 5086 et
385 5031 460 5087 sulus
472 5031 594 5089 diabulus
609 5035 734 5090 inimicus
746 5036 830 5105 pucts,
845 5049 874 5094 et
888 5038 944 5093 dis·
996 5039 1065 5094 lieutl
1079 5036 1151 5105 Petri
1165 5035 1321 5108 recipimus,
1335 5050 1383 5091 ros
1395 5032 1449 5090 ullo
1463 5032 1543 5087 ruodo
1555 5032 1581 5088 ei
1594 5047 1652 5087 uon
1666 5031 1792 5087 credetis

151 5119 252 5176 eordite
266 5122 412 5178 seminetur
425 5123 507 5194 luget,
523 5122 586 5177 dum
610 5124 710 5181 siclum
733 5142 762 5182 se
779 5140 881 5186 esseut
899 5145 945 5185 so·
995 5131 1066 5188 Deus
1080 5141 1168 5186 autem
1183 5131 1354 5200 omnipotens
1367 5142 1413 5181 sua
1427 5141 1475 5181 ros
1490 5123 1602 5181 dextera
1616 5129 1795 5195 protegant!

154 5223 275 5280 peretrum
288 5213 429 5283 cousplelt.
447 5216 506 5271 lion
526 5217 599 5274 enlm
614 5217 693 5274 aliter
706 5216 824 5274 tidellum
839 5231 945 5277 mentes
994 5223 1134 5277 victorium
1152 5221 1228 5276 rolris
1251 5220 1286 5275 de
1298 5218 1369 5275 coelo
1379 5216 1489 5279 trilirtat,
1505 5228 1643 5282 suumque
1667 5218 1795 5287 ange'stt

151 5305 310 5361 existimare
321 5317 444 5378 poterant
458 5312 612 5380 peruenire,
633 5327 714 5382 nuum
728 5314 800 5384 quod
822 5329 892 5369 nuuc
906 5313 945 5368 ln·
995 5325 1057 5368 acute
1074 5310 1170 5368 iuciem
1187 5320 1305 5368 restrum
1332 5308 1432 5374 mitur,
1459 5308 1506 5378 piri
1528 5321 1578 5363 ros
1592 5309 1748 5378 pcaecednx.
1768 5313 1795 5361 et

151 5410 224 5452 ctum
249 5412 311 5455 csse
333 5398 493 5468 gaudemus.
517 5400 563 5456 Sic.
589 5402 659 5458 lleus
682 5405 853 5475 omnipotens
873 5405 944 5460 illam
996 5403 1236 5459 iuimicusuestros
1252 5415 1343 5457 corum
1367 5398 1465 5455 restris
1488 5408 1646 5470 prosternat
1661 5394 1794 5465 uestigiis.

150 5502 243 5557 pacem
259 5500 287 5545 et
300 5489 446 5545 iraternam
457 5490 629 5549 dilectionem
643 5496 670 5550 in
681 5496 759 5552 rubis
772 5497 943 5570 multiplicet,
996 5504 1102 5564 uinces
1118 5494 1174 5548 ileo
1187 5493 1299 5548 instituti
1313 5492 1388 5563 regni
1403 5491 1485 5546 uestri
1501 5489 1636 5544 terminos
1651 5488 1760 5551 diitttt.
1770 5492 1797 5540 ἃ

150 5588 179 5631 et
194 5579 395 5650 multiplicatum
410 5583 579 5651 corroboret,
595 5601 674 5656 nixam
694 5589 751 5645 suis
763 5588 872 5646 donarit
884 5605 947 5647 sun·
996 5587 1122 5656 presenti
1139 5600 1221 5656 regnu
1243 5585 1402 5654 lougaetittt
1416 5597 1448 5637 tt
1462 5594 1595 5651 timim
1607 5578 1798 5650 libem

150 5664 201 5719 ctis
223 5667 364 5738 apostolis.
380 5665 457 5725 Unde
471 5669 506 5726 de
523 5681 611 5727 restra
633 5675 734 5731 unitate
748 5674 830 5731 etium
852 5686 945 5735 sunere
997 5677 1097 5747 perlrui
1111 5676 1203 5745 locist,
1214 5678 1295 5733 etium
1306 5684 1335 5732 et
1348 5682 1409 5747 pust
1423 5673 1503 5744 lustjus
1513 5672 1577 5727 tixae
1592 5671 1798 5744 nocentum
