3832 6114
149 254 198 310 att
479 251 509 308 S.
530 249 699 308 oottttcit
719 250 909 310 accubitat
931 254 1193 314 tactitnttscoot
1209 258 1286 315 otl‘.
1308 258 1395 318 etos
1414 261 1458 319 ΙΙΙ.
1734 267 1789 323 872

76 412 78 416 ,
147 369 305 430 raedorum,
319 371 347 421 et
365 364 494 436 iudicium
509 368 630 423 oninium
658 365 808 423 homiuum.
833 367 871 423 lbi
888 367 941 424 dis·
955 376 978 434 Α
993 369 1068 438 ditia,
1084 382 1110 426 et
1125 372 1160 430 ab
1173 372 1300 429 omnibus
1313 373 1438 443 operibus
1454 372 1540 430 unalis.
1565 376 1736 437 iracundiam
1761 394 1789 441 et

147 468 293 516 cernuntur
314 457 389 527 impii
404 459 431 512 in
447 459 535 528 ignem
560 469 703 527 teterttum,
716 458 781 528 justi
797 468 887 515 autem
912 460 938 515 in
992 463 1083 517 odium
1107 474 1135 521 et
1151 464 1278 520 insidiam
1293 466 1368 522 velut
1390 483 1522 523 uenenum
1537 468 1789 531 derestriacorali·

147 553 229 605 uitam
253 559 393 605 aternam.
420 548 457 604 lbi
481 559 521 605 est
548 552 602 605 rito
621 566 682 606 cunt
699 551 826 607 heccine
841 560 940 615 morte,
994 552 1183 622 husrespuite.
1209 554 1365 611 castitatem
1380 557 1460 611 etiam
1475 571 1535 613 eum
1558 560 1676 629 propriis
1691 564 1787 621 osori·

148 647 191 699 lus
203 647 260 699 sine
273 642 401 706 tenebris,
417 642 490 697 salus
500 643 558 698 sine
569 643 739 712 egritudine,
756 645 869 698 satietas
881 645 940 702 tine
993 641 1044 698 bus
1054 653 1222 701 conservate.
1238 644 1339 701 0rnate
1355 661 1402 702 ros
1415 646 1492 702 bonis
1506 648 1644 717 operibus.
1661 651 1789 711 Eleemo-

147 735 229 798 lanre,
244 733 356 788 lelieitas
368 731 426 787 siris
437 733 543 798 timore,
559 732 686 804 gaudium
697 736 757 788 aine
771 735 887 789 tristitia.
902 734 939 791 lbi
992 746 1074 804 syrias
1089 736 1253 806 pauperihus
1265 735 1366 792 Christi
1386 746 1507 809 erogate.
1533 740 1575 794 to
1589 719 1713 798 coniitia
1727 743 1787 800 laa-

146 838 246 881 sctems
261 825 357 896 gloria,
372 823 407 879 ibi
422 823 559 894 itigabant
571 824 639 895 justi
654 825 723 879 sieut
741 824 797 891 sol,
814 826 939 896 querulosa
994 825 1061 881 liora
1077 841 1209 897 pauperes
1225 828 1379 900 frequenter
1392 840 1527 887 reuocate.
1541 831 1635 888 Pacem
1650 848 1714 889 ento
1726 849 1787 895 oot-

145 921 234 971 ocalus
257 933 309 970 aar
329 916 406 982 aidt't,
431 930 476 968 aes
497 917 569 970 ouria
585 916 692 981 aedicit,
715 932 761 969 ace
781 916 808 970 ia
826 932 871 970 eor
891 915 940 970 lto·
993 915 1073 972 nibus
1087 918 1231 985 aristodite,
1256 918 1396 976 discordes
1413 931 1516 990 pacato.
1541 921 1597 978 iloc
1612 924 1635 980 ai
1657 923 1786 996 fideliter,

146 1010 224 1063 ntirris
247 1010 362 1063 orceadit
385 1020 506 1080 quantam
536 1008 691 1080 preparavit
714 1006 784 1062 Deua
808 1007 940 1080 dilipeati·
992 1008 1101 1065 Christo
1124 1009 1280 1079 adjurante,
1306 1010 1446 1066 uolueritis
1468 1012 1625 1081 adimplere,
1651 1026 1678 1071 et
1693 1015 1720 1071 io
1736 1015 1788 1074 boe

147 1100 193 1154 has
208 1117 244 1153 ae.
690 1158 696 1167 „
992 1102 1092 1156 saeuto
1105 1102 1139 1156 atl
1152 1105 1236 1161 altare
1251 1101 1357 1158 Dersaioi
1372 1105 1505 1159 securiter
1517 1103 1629 1172 potestis
1642 1108 1785 1176 accedere,

185 1193 210 1246 li.
228 1191 283 1245 line
297 1192 379 1246 etiam
394 1205 442 1247 roa
455 1205 564 1256 maneo,
589 1190 686 1246 iratres
699 1190 864 1258 charissimi,
878 1193 939 1261 quia
991 1206 1018 1248 et
1030 1194 1057 1249 iu
1071 1193 1160 1250 luturo
1183 1195 1218 1250 aul
1232 1205 1362 1251 aternam
1385 1195 1580 1253 beatitudinem
1594 1196 1710 1255 ielieiler
1725 1215 1786 1270 per·

147 1283 244 1338 natalis
268 1283 372 1339 homiui
388 1285 521 1351 imminet,
537 1292 566 1337 ut
580 1283 738 1338 abstineatis
752 1297 801 1336 ros
816 1284 849 1341 ab
864 1285 938 1339 omrai
991 1287 1095 1343 uenire.

147 1377 251 1431 lusoria
266 1387 293 1432 et
306 1377 340 1430 ab
354 1377 427 1432 omni
443 1374 632 1441 taratantara,
646 1383 673 1428 et
687 1373 721 1428 ab
734 1373 808 1428 omni
821 1376 937 1430 immuu-

529 1666 870 1784 SANG'H
906 1662 1388 1788 BONTFAGTT

745 1851 928 1906 aochdiltlt
944 1852 1185 1905 taffliertscoei

92 1926 95 1930 ’
213 1997 598 2128 brunum
643 1996 842 2157 Qum
886 1995 1284 2119 uxsruuu
1329 1986 1725 2132 omnium

833 2197 933 2262 tuns
954 2197 1115 2261 Tutili.

532 2319 1005 2514 misenatium
1030 2403 1387 2530 OPUSCULA.

493 2652 524 2726 1.
553 2644 702 2729 “vth
730 2648 796 2726 ET
824 2650 1134 2731 MARTYRIUM
1163 2651 1401 2733 summm

772 2800 918 2857 eriscoot
934 2801 975 2856 ur
992 2801 1164 2856 uttrtms.
1285 2858 1288 2865 ⁴

710 2908 800 2984 [orus
823 2925 993 2973 sustracto
1014 2911 1220 2988 ascetarum]

443 3096 636 3157 PROLOGUS·
693 3173 696 3178 .
952 3102 1159 3171 libestitodine
1174 3105 1247 3175 pacis
1261 3114 1380 3165 aeterna.
1395 3107 1480 3182 liujus
1495 3111 1610 3186 denium
1622 3122 1677 3175 tare
1689 3122 1778 3181 eaesi

182 3193 335 3254 bonifacius
355 3191 438 3248 bonro
455 3199 592 3260 pesestas,
611 3203 705 3246 terrm
723 3203 864 3245 serrorum
885 3189 938 3245 ha-
988 3193 1145 3255 letttissimae
1159 3194 1309 3252 sanctitatis
1320 3195 1420 3255 Christi
1434 3199 1545 3258 athletas
1556 3218 1715 3276 mammon
1726 3210 1779 3268 rlr·

146 3289 213 3347 mini
228 3284 315 3343 nostri
328 3283 392 3340 lesu
407 3281 525 3347 Christi,
549 3279 681 3336 uniuersis
704 3279 756 3335 suh
779 3281 938 3336 auctoritate
989 3294 1075 3340 sutura
1092 3278 1224 3355 iusignia,
1239 3301 1299 3361 quae
1314 3297 1411 3345 restra
1430 3291 1606 3360 expandimus
1625 3294 1778 3368 delectioff,

144 3388 244 3438 sanetae
260 3386 288 3433 et
306 3375 451 3432 indiuiduas
465 3372 605 3430 Trinitatis
617 3387 700 3442 super
715 3371 820 3427 tirmam
834 3378 936 3440 petram
988 3376 1074 3432 tribua
1092 3375 1231 3446 discipulis
1252 3378 1308 3435 suis
1327 3380 1510 3437 retexentibus
1528 3385 1779 3457 comperies-n,

142 3472 260 3529 luntatis
275 3469 414 3536 Ecclesiis,
429 3466 458 3524 in
473 3481 578 3523 marma
592 3465 733 3530 ieiieitate,
747 3463 862 3535 gloriam
877 3461 937 3520 leli·
991 3467 1118 3523 tidelicet
1132 3466 1272 3536 Foillano,
1289 3469 1346 3524 Elia
1361 3479 1388 3526 et
1403 3471 1525 3547 diliana,
1539 3475 1600 3547 qui,
1623 3477 1675 3547 pia
1694 3478 1780 3537 effi.

141 3566 228 3624 citatis
243 3577 363 3623 aeterna.
988 3558 1052 3615 tatis
1066 3558 1181 3627 affectu,
1197 3569 1226 3614 ut
1238 3559 1398 3629 fatebantur,
1409 3576 1457 3618 stra
1469 3546 1581 3634 quaque
1590 3569 1780 3629 noemma

180 3657 330 3715 Beatissimi
355 3656 442 3713 Patris
464 3663 492 3711 et
513 3655 569 3711 lico
588 3651 679 3709 dilecti
702 3649 837 3721 pontilicis
849 3648 936 3705 bisini
986 3648 1022 3704 oh
1034 3662 1111 3718 spem
1126 3649 1188 3707 tilae
1208 3661 1334 3719 aeternm,
1354 3653 1413 3723 ejus
1433 3655 1649 3725 conglutinaliter
1663 3658 1781 3717 uades·

142 3755 313 3812 reuerendus
326 3753 449 3824 gloriosae
465 3750 596 3820 passionis
611 3746 762 3815 triumphus
777 3743 934 3800 hodiernam
986 3750 1048 3796 runt
1066 3740 1206 3799 adhaerere
1216 3742 1351 3812 vestigiis,
1373 3756 1400 3799 et
1421 3745 1514 3803 instrui
1535 3746 1778 3816 admonitionibus,

142 3848 341 3905 solemnitatem
356 3844 448 3915 gaudii
464 3842 566 3906 nostri,
582 3840 610 3896 ia
630 3853 735 3911 magna
754 3834 934 3893 reserationis
986 3844 1013 3890 et
1036 3833 1200 3890 euttlorrrtari
1212 3835 1353 3904 exemplis.
1378 3833 1428 3903 Qui
1451 3835 1531 3895 etiam
1555 3850 1651 3895 maooa
1670 3850 1780 3897 noemae

142 3938 247 3994 honore
261 3935 488 3993 ceremonialiter
501 3933 578 3989 nobis
593 3930 798 3994 celebrandam,
819 3935 846 3983 et
866 3925 936 3981 toti-
984 3927 1152 3994 oscolaodo‚
1169 3925 1320 3996 provolutis
1332 3928 1360 3982 in
1376 3937 1474 3983 terrant
1488 3927 1632 3998 aestimas
1644 3943 1695 3998 per
1707 3944 1780 4001 ψ

142 4031 184 4086 sis
208 4027 409 4093 adhibendam,
432 4025 564 4091 sancivit,
588 4022 685 4092 inclyta
710 4019 776 4075 tanti
795 4019 882 4074 Patris
900 4018 934 4073 aul
985 4020 1166 4091 laerymarum
1189 4017 1320 4089 suspiria,
1347 4018 1487 4087 imprecati
1510 4024 1574 4076 aunt
1599 4033 1674 4077 eaa
1701 4021 1781 4077 nobis

141 4119 304 4174 declaranda
318 4117 417 4171 murtdo
431 4115 588 4169 maritorum
601 4111 744 4181 praeunte.
756 4108 858 4177 mribus
870 4107 933 4169 bor·
984 4109 1084 4175 scribi.
1109 4117 1138 4167 et
1159 4110 1274 4179 pesteris
1294 4109 1480 4166 conservanda
1504 4109 1635 4167 mandari.
1654 4110 1778 4181 mamae

141 4217 230 4263 tamur
255 4206 431 4262 affectualiter
445 4203 638 4274 congratulari,
664 4202 799 4257 excitante
825 4215 875 4255 nos
899 4202 932 4257 ad
985 4201 1098 4256 multum
1124 4198 1208 4255 renisi
1230 4212 1325 4255 somus
1347 4198 1503 4262 volantati,
1525 4199 1652 4270 quoniam
1678 4211 1780 4258 nostrat

140 4295 222 4364 isitius
244 4294 398 4351 deuotionis
416 4292 514 4364 pausia
530 4294 588 4362 ipso
602 4289 718 4348 somatis
737 4291 799 4345 anni
819 4291 931 4348 solemni
985 4291 1130 4363 parriettitc
1143 4288 1401 4361 pertimescebamus
1416 4287 1605 4347 tantillitatem.
1625 4288 1682 4344 Sed
1705 4292 1779 4347 enim

139 4395 277 4455 tempore,
302 4400 357 4455 ouri
382 4382 553 4453 triumphalis
578 4381 664 4451 palata
683 4379 841 4453 ¹certaminis
860 4380 931 4443 idern
986 4381 1070 4439 tlebitl
1096 4381 1197 4437 amoris
1218 4380 1281 4453 jot,
1305 4380 1483 4438 teneritudine
1505 4395 1561 4436 atre
1573 4383 1778 4450 eoerntimia,

138 4476 301 4549 agonotheta
324 4473 562 4532 victoriosissimas
581 4481 609 4528 et
628 4481 730 4542 martyr
749 4469 967 4532 mirrtearrdusc
983 4472 1096 4544 senius
1120 4487 1229 4543 quoque
1250 4471 1406 4529 dilectionis
1427 4469 1588 4542 actamldoia
1608 4471 1677 4540 alis,
1692 4474 1780 4531 aaran

138 4583 171 4626 er
187 4568 330 4639 preteritis
345 4566 437 4622 saeculi
451 4562 579 4622 condictu
589 4562 789 4619 indomabiliter
799 4576 848 4633 pro
864 4576 929 4618 saa·
982 4563 1149 4621 transcendit
1160 4573 1259 4622 areana
1278 4564 1368 4621 devoti
1388 4563 1521 4636 pectoris,
1536 4563 1643 4621 taudem
1658 4564 1707 4620 illa
1722 4563 1777 4623 ira·

140 4673 194 4717 etas
206 4660 347 4717 Trinitatis
359 4658 533 4715 contessione
548 4654 748 4726 belligerando,
770 4666 852 4725 arque
871 4670 931 4726 per-
980 4663 1067 4712 terne
1094 4654 1333 4727 corrplutinatioois
1363 4654 1513 4725 aspiratio,
1539 4655 1627 4724 ipsura
1652 4656 1778 4711 anianaoa

139 4751 309 4827 sequentium
335 4747 527 4818 triumphando
550 4748 727 4815 imitationes,
751 4757 777 4802 et
799 4747 929 4802 atrocium
980 4752 1104 4801 nostrum
1120 4746 1177 4800 suis
1193 4745 1294 4805 riribns
1308 4742 1490 4810 diffidentem,
1505 4742 1591 4814 lraaili
1613 4743 1641 4798 in
1662 4744 1779 4803 auda&

136 4855 278 4913 poeuaram
294 4840 476 4912 agitationes,
490 4840 568 4894 latus
584 4837 800 4908 transmigrarit,
815 4836 930 4909 ilrgera·
981 4835 1129 4894 subeuntia·
1153 4832 1334 4901 dritteultatts,
1362 4834 1479 4903 Spiritus
1501 4833 1587 4890 saneti
1598 4835 1777 4900 teutamiae,

136 4932 264 5000 quscoett
279 4931 360 4996 adiit,
376 4931 496 4988 emerita
514 4930 656 5001 dignitatis
679 4929 796 4984 lauream
816 4929 842 4984 io
864 4943 929 4986 eon-
981 4927 1066 4998 aratia
1093 4924 1293 4996 cooperatrice,
1323 4926 1450 4994 reiluait,
1478 4933 1507 4981 et
1533 4923 1659 4981 atanasi
1681 4940 1776 4982 eoraaa

139 5022 258 5079 iussione
271 5031 418 5094 martyrum
432 5021 666 5086 inthronizandus,
684 5019 812 5089 parilique
827 5018 928 5075 honore
982 5017 1138 5078 satisfacere
1151 5019 1315 5087 studuimus,
1330 5027 1359 5075 et
1372 5018 1423 5076 boc
1441 5018 1476 5074 ad
1498 5017 1602 5073 laudem
1617 5024 1644 5071 et
1659 5018 1775 5088 gloriani

140 5113 347 5184 glorificandos,
361 5124 443 5183 atque
455 5128 551 5170 eorum
565 5113 741 5168 contubernio
757 5108 886 5166 fruiturus
900 5111 927 5166 in
981 5110 1018 5183 pii
1032 5108 1122 5166 Patris
1135 5111 1264 5169 verbatim
1279 5109 1388 5167 enodari
1402 5109 1512 5180 alianum
1526 5109 1694 5165 censuimus.

173 5245 264 5302 llioc
282 5259 350 5313 opus
369 5241 453 5299 edidit
477 5241 617 5301 Serrarius
638 5256 689 5297 una
713 5256 775 5297 cum
799 5240 927 5297 Borriiueii
981 5241 1087 5314 egregia
1106 5241 1259 5298 eruditione
1277 5252 1405 5310 ornatus,
1426 5241 1641 5309 christianaque
1654 5237 1777 5295 historia

137 5316 259 5386 epistolis
274 5331 302 5386 p.
314 5312 379 5380 tot,
395 5312 534 5381 praeniissa
548 5312 597 5367 hae
610 5314 783 5366 adttotatioae
796 5329 802 5365 ε
816 5333 824 5363 r
836 5313 926 5367 &steti
979 5312 1182 5370 amantissimus
1210 5329 1242 5369 ae
1266 5314 1461 5371 scientissimus
1487 5311 1547 5377 vir,
1573 5309 1607 5362 i).
1635 5310 1777 5368 astutus

142 5387 272 5446 hodilacii
286 5383 406 5454 epistolis
419 5382 554 5453 adjortpo,
574 5396 634 5451 qim
655 5381 690 5436 ab
711 5383 805 5439 erdem
828 5384 926 5452 scripta
979 5384 1085 5439 ilirueus
1109 5384 1312 5452 antuerpiensis
1340 5385 1504 5449 mnooieua,
1530 5380 1581 5435 solt
1600 5383 1774 5449 superiorum

135 5467 190 5525 est,
202 5455 292 5513 Titana
307 5469 339 5510 ac
354 5454 510 5525 ilartpriuar
526 5456 610 5509 sutmti
625 5450 726 5518 Litinl,
743 5453 789 5522 qni
804 5461 832 5506 et
846 5455 928 5508 inler-
979 5452 1240 5509 Franeoiutlcoaium
1253 5453 1437 5509 Nundinarum
1452 5450 1532 5506 duem
1545 5450 1610 5502 mibi
1622 5452 1774 5519 dtrtrterpia

136 5528 200 5584 duur
215 5524 342 5581 hibrlaus
356 5523 465 5587 dieitur,
482 5522 547 5578 lieet
560 5520 726 5590 distinguere
741 5523 861 5578 rideatur
874 5525 926 5577 dr·
981 5525 1143 5592 perbenigne
1168 5524 1364 5592 suppeditarat,
1391 5537 1452 5578 curn
1479 5521 1531 5576 isac
1554 5519 1772 5590 inscriptione.»

137 5598 232 5652 noldua
245 5596 323 5650 wion
336 5596 435 5650 citatus
449 5609 464 5649 a
480 5609 523 5648 me
539 5594 585 5649 tib.
605 5608 634 5648 nt
656 5591 775 5664 lltrpunt.
792 5593 927 5647 notatione
981 5592 1097 5648 Testem
1112 5592 1227 5648 Serrarii
1247 5608 1350 5649 nautare
1357 5593 1518 5664 reliphtoem
1536 5590 1600 5672 dorsi
1616 5607 1624 5644 :
1639 5605 1709 5671 narrt
1726 5605 1774 5647 eo·

133 5666 262 5736 amaa.
279 5664 342 5723 itt.
358 5665 433 5722 llattc
455 5680 520 5722 tero
539 5664 679 5720 historiam
702 5664 876 5720 ttererealus
899 5673 927 5718 et
978 5662 1051 5721 dices
1067 5663 1264 5734 manuscriptos
1278 5666 1365 5726 nubea
1379 5678 1494 5734 onomat
1509 5661 1572 5718 tidt.
1591 5659 1691 5718 Grues.
