<?xml version="1.0" encoding="UTF-8"?>
<!DOCTYPE html PUBLIC "-//W3C//DTD XHTML 1.0 Transitional//EN"
    "http://www.w3.org/TR/xhtml1/DTD/xhtml1-transitional.dtd">
<html xmlns="http://www.w3.org/1999/xhtml" xml:lang="en" lang="en">
 <head>
  <title>
</title>
<meta http-equiv="Content-Type" content="text/html;charset=utf-8" />
  <meta name='ocr-system' content='tesseract 3.04.00' />
  <meta name='ocr-capabilities' content='ocr_page ocr_carea ocr_par ocr_line ocrx_word'/>
</head>
<body>
  <div class='ocr_page' id='page_1' title='image "./patrologiaecurs74unkngoog/patrologiaecurs74unkngoog_0371.png"; bbox 0 0 3832 6114; ppageno 0'>
   <div class='ocr_carea' id='block_1_1' title="bbox 167 255 1795 319">
    <p class='ocr_par' dir='ltr' id='par_1_1' title="bbox 167 255 1795 319">
     <span class='ocr_line' id='line_1_1' title="bbox 167 255 1795 319; baseline 0.002 -5"><span class='ocrx_word' id='word_1_1' title='bbox 167 259 220 317; x_wconf 84' lang='lat' dir='ltr'>&#39;tul</span> <span class='ocrx_word' id='word_1_2' title='bbox 890 255 1078 314; x_wconf 76' lang='lat' dir='ltr'>EPiSTOLAE.</span> <span class='ocrx_word' id='word_1_3' title='bbox 1727 285 1731 292; x_wconf 95' lang='lat'>·</span> <span class='ocrx_word' id='word_1_4' title='bbox 1744 259 1795 319; x_wconf 79' lang='grc'>710</span> 
     </span>
    </p>
   </div>
   <div class='ocr_carea' id='block_1_2' title="bbox 166 367 1797 796">
    <p class='ocr_par' dir='ltr' id='par_1_2' title="bbox 166 367 1797 796">
     <span class='ocr_line' id='line_1_2' title="bbox 166 367 1793 443; baseline 0.001 -18"><span class='ocrx_word' id='word_1_5' title='bbox 166 367 277 430; x_wconf 83' lang='lat' dir='ltr'>iaciunt,</span> <span class='ocrx_word' id='word_1_6' title='bbox 302 379 350 420; x_wconf 86' lang='lat' dir='ltr'>eur</span> <span class='ocrx_word' id='word_1_7' title='bbox 372 378 436 434; x_wconf 76' lang='lat' dir='ltr'>erpo</span> <span class='ocrx_word' id='word_1_8' title='bbox 460 375 573 435; x_wconf 88' lang='lat' dir='ltr'>pareunt</span> <span class='ocrx_word' id='word_1_9' title='bbox 600 367 758 425; x_wconf 89' lang='lat' dir='ltr'>Christianis</span> <span class='ocrx_word' id='word_1_10' title='bbox 782 379 863 424; x_wconf 84' lang='lat' dir='ltr'>tottam</span> <span class='ocrx_word' id='word_1_11' title='bbox 887 383 954 437; x_wconf 89' lang='lat' dir='ltr'>pene</span> <span class='ocrx_word' id='word_1_12' title='bbox 971 367 1145 436; x_wconf 78' lang='lat' dir='ltr'>acontpob,</span> <span class='ocrx_word' id='word_1_13' title='bbox 1160 367 1307 421; x_wconf 89' lang='lat' dir='ltr'>clementor</span> <span class='ocrx_word' id='word_1_14' title='bbox 1324 369 1451 437; x_wconf 73' lang='lat' dir='ltr'>ignoscat,</span> <span class='ocrx_word' id='word_1_15' title='bbox 1478 371 1713 443; x_wconf 87' lang='lat' dir='ltr'>propheticumque</span> <span class='ocrx_word' id='word_1_16' title='bbox 1731 373 1793 429; x_wconf 87' lang='lat' dir='ltr'>illud</span> 
     </span>
     <span class='ocr_line' id='line_1_3' title="bbox 167 455 1796 531; baseline 0.004 -19"><span class='ocrx_word' id='word_1_17' title='bbox 167 459 260 516; x_wconf 79' lang='lat' dir='ltr'>orbem</span> <span class='ocrx_word' id='word_1_18' title='bbox 286 455 321 508; x_wconf 91' lang='lat' dir='ltr'>uh</span> <span class='ocrx_word' id='word_1_19' title='bbox 351 468 445 508; x_wconf 85' lang='lat' dir='ltr'>eornm</span> <span class='ocrx_word' id='word_1_20' title='bbox 472 456 576 509; x_wconf 85' lang='lat' dir='ltr'>cttltura</span> <span class='ocrx_word' id='word_1_21' title='bbox 603 457 806 523; x_wconf 77' lang='lat' dir='ltr'>avertentibus,</span> <span class='ocrx_word' id='word_1_22' title='bbox 836 457 957 526; x_wconf 90' lang='lat' dir='ltr'>idolaque</span> <span class='ocrx_word' id='word_1_23' title='bbox 1008 474 1055 512; x_wconf 90' lang='lat' dir='ltr'>sua</span> <span class='ocrx_word' id='word_1_24' title='bbox 1079 457 1156 511; x_wconf 84' lang='lat' dir='ltr'>iaciat</span> <span class='ocrx_word' id='word_1_25' title='bbox 1177 458 1274 526; x_wconf 89' lang='lat' dir='ltr'>pietate</span> <span class='ocrx_word' id='word_1_26' title='bbox 1290 473 1332 512; x_wconf 92' lang='lat' dir='ltr'>me</span> <span class='ocrx_word' id='word_1_27' title='bbox 1353 469 1458 527; x_wconf 88' lang='lat' dir='ltr'>quoque</span> <span class='ocrx_word' id='word_1_28' title='bbox 1473 461 1692 528; x_wconf 71' lang='lat' dir='ltr'>gratulabundum</span> <span class='ocrx_word' id='word_1_29' title='bbox 1716 476 1796 531; x_wconf 85' lang='lat' dir='ltr'>poste</span> 
     </span>
     <span class='ocr_line' id='line_1_4' title="bbox 167 523 1797 612; baseline 0.002 -8"><span class='ocrx_word' id='word_1_30' title='bbox 167 523 364 604; x_wconf 75' lang='lat' dir='ltr'>evertentibus?</span> <span class='ocrx_word' id='word_1_31' title='bbox 382 543 415 597; x_wconf 83' lang='lat' dir='ltr'>Et</span> <span class='ocrx_word' id='word_1_32' title='bbox 430 559 490 597; x_wconf 89' lang='lat' dir='ltr'>eum</span> <span class='ocrx_word' id='word_1_33' title='bbox 502 546 562 612; x_wconf 87' lang='lat' dir='ltr'>ipsi,</span> <span class='ocrx_word' id='word_1_34' title='bbox 581 544 663 600; x_wconf 87' lang='lat' dir='ltr'>idest</span> <span class='ocrx_word' id='word_1_35' title='bbox 686 545 840 611; x_wconf 69' lang='lat' dir='ltr'>Christiani,</span> <span class='ocrx_word' id='word_1_36' title='bbox 857 546 958 601; x_wconf 88' lang='lat' dir='ltr'>lertiles</span> <span class='ocrx_word' id='word_1_37' title='bbox 1008 560 1135 602; x_wconf 88' lang='lat' dir='ltr'>cantare:</span> <span class='ocrx_word' id='word_1_38' title='bbox 1153 547 1301 601; x_wconf 82' lang='lat' dir='ltr'>Secundum</span> <span class='ocrx_word' id='word_1_39' title='bbox 1329 547 1517 603; x_wconf 72' lang='lat' dir='ltr'>multitudinem</span> <span class='ocrx_word' id='word_1_40' title='bbox 1541 550 1657 603; x_wconf 84' lang='lat' dir='ltr'>dolorum</span> <span class='ocrx_word' id='word_1_41' title='bbox 1684 564 1797 607; x_wconf 83' lang='lat' dir='ltr'>meorum</span> 
     </span>
     <span class='ocr_line' id='line_1_5' title="bbox 168 635 1797 709; baseline 0.001 -15"><span class='ocrx_word' id='word_1_42' title='bbox 168 650 267 705; x_wconf 85' lang='lat' dir='ltr'>terras,</span> <span class='ocrx_word' id='word_1_43' title='bbox 291 638 398 704; x_wconf 87' lang='lat' dir='ltr'>riuique</span> <span class='ocrx_word' id='word_1_44' title='bbox 419 644 446 690; x_wconf 90' lang='lat' dir='ltr'>et</span> <span class='ocrx_word' id='word_1_45' title='bbox 470 635 522 690; x_wconf 90' lang='lat' dir='ltr'>olei</span> <span class='ocrx_word' id='word_1_46' title='bbox 545 636 658 701; x_wconf 87' lang='lat' dir='ltr'>leraces,</span> <span class='ocrx_word' id='word_1_47' title='bbox 682 639 839 704; x_wconf 78' lang='lat' dir='ltr'>caeterisque</span> <span class='ocrx_word' id='word_1_48' title='bbox 863 638 958 706; x_wconf 89' lang='lat' dir='ltr'>opibus</span> <span class='ocrx_word' id='word_1_49' title='bbox 1007 638 1034 689; x_wconf 86' lang='lat' dir='ltr'>in</span> <span class='ocrx_word' id='word_1_50' title='bbox 1053 637 1128 690; x_wconf 85' lang='lat' dir='ltr'>eorde</span> <span class='ocrx_word' id='word_1_51' title='bbox 1150 652 1215 703; x_wconf 80' lang='lat' dir='ltr'>retro,</span> <span class='ocrx_word' id='word_1_52' title='bbox 1231 640 1415 694; x_wconf 78' lang='lat' dir='ltr'>cattrotmtonm</span> <span class='ocrx_word' id='word_1_53' title='bbox 1434 648 1494 705; x_wconf 78' lang='lat' dir='ltr'>tues,</span> <span class='ocrx_word' id='word_1_54' title='bbox 1512 640 1630 706; x_wconf 84' lang='lat' dir='ltr'>Domine,</span> <span class='ocrx_word' id='word_1_55' title='bbox 1650 640 1797 709; x_wconf 71' lang='lat' dir='ltr'>letificare·</span> 
     </span>
     <span class='ocr_line' id='line_1_6' title="bbox 168 726 1794 796; baseline -0.001 -10"><span class='ocrx_word' id='word_1_56' title='bbox 168 728 334 786; x_wconf 73' lang='lat' dir='ltr'>abundantes</span> <span class='ocrx_word' id='word_1_57' title='bbox 357 726 494 792; x_wconf 83' lang='lat' dir='ltr'>possident</span> <span class='ocrx_word' id='word_1_58' title='bbox 519 728 689 796; x_wconf 80' lang='lat' dir='ltr'>prouincias,</span> <span class='ocrx_word' id='word_1_59' title='bbox 715 730 781 796; x_wconf 84' lang='lat' dir='ltr'>ipsis</span> <span class='ocrx_word' id='word_1_60' title='bbox 805 736 908 795; x_wconf 80' lang='lat' dir='ltr'>antem,</span> <span class='ocrx_word' id='word_1_61' title='bbox 931 729 957 783; x_wconf 85' lang='lat' dir='ltr'>nt</span> <span class='ocrx_word' id='word_1_62' title='bbox 1008 736 1067 778; x_wconf 84' lang='lat' dir='ltr'>runt</span> <span class='ocrx_word' id='word_1_63' title='bbox 1081 727 1194 779; x_wconf 73' lang='lat' dir='ltr'>unliutons</span> <span class='ocrx_word' id='word_1_64' title='bbox 1214 743 1304 780; x_wconf 83' lang='lat' dir='ltr'>mcum.</span> <span class='ocrx_word' id='word_1_65' title='bbox 1319 726 1389 796; x_wconf 86' lang='lat' dir='ltr'>Opto</span> <span class='ocrx_word' id='word_1_66' title='bbox 1403 737 1433 781; x_wconf 90' lang='grc' dir='ltr'>ιι</span> <span class='ocrx_word' id='word_1_67' title='bbox 1445 730 1472 782; x_wconf 89' lang='lat' dir='ltr'>lu</span> <span class='ocrx_word' id='word_1_68' title='bbox 1491 727 1599 782; x_wconf 88' lang='lat' dir='ltr'>Christo</span> <span class='ocrx_word' id='word_1_69' title='bbox 1612 728 1679 784; x_wconf 89' lang='lat' dir='ltr'>bene</span> <span class='ocrx_word' id='word_1_70' title='bbox 1695 731 1794 796; x_wconf 78' lang='lat' dir='ltr'>valeas,</span> 
     </span>
    </p>
   </div>
   <div class='ocr_carea' id='block_1_3' title="bbox 168 822 958 1167">
    <p class='ocr_par' dir='ltr' id='par_1_3' title="bbox 168 822 958 1167">
     <span class='ocr_line' id='line_1_7' title="bbox 169 822 958 894; baseline 0.003 -14"><span class='ocrx_word' id='word_1_71' title='bbox 169 834 212 880; x_wconf 90' lang='lat' dir='ltr'>est</span> <span class='ocrx_word' id='word_1_72' title='bbox 229 823 348 894; x_wconf 78' lang='lat' dir='ltr'>paganis,</span> <span class='ocrx_word' id='word_1_73' title='bbox 364 822 462 890; x_wconf 74' lang='lat' dir='ltr'>lriane</span> <span class='ocrx_word' id='word_1_74' title='bbox 482 837 588 890; x_wconf 84' lang='lat' dir='ltr'>seraper</span> <span class='ocrx_word' id='word_1_75' title='bbox 602 824 719 893; x_wconf 73' lang='lat' dir='ltr'>rigentes</span> <span class='ocrx_word' id='word_1_76' title='bbox 741 837 897 882; x_wconf 81' lang='lat' dir='ltr'>terreorum</span> <span class='ocrx_word' id='word_1_77' title='bbox 912 841 958 882; x_wconf 90' lang='lat' dir='ltr'>eo·</span> 
     </span>
     <span class='ocr_line' id='line_1_8' title="bbox 168 912 958 981; baseline 0.004 -13"><span class='ocrx_word' id='word_1_78' title='bbox 168 929 231 968; x_wconf 81' lang='lat' dir='ltr'>euru</span> <span class='ocrx_word' id='word_1_79' title='bbox 244 913 296 967; x_wconf 91' lang='lat' dir='ltr'>diis</span> <span class='ocrx_word' id='word_1_80' title='bbox 308 913 485 978; x_wconf 86' lang='lat' dir='ltr'>reliquerunt,</span> <span class='ocrx_word' id='word_1_81' title='bbox 500 912 525 965; x_wconf 93' lang='lat' dir='ltr'>in</span> <span class='ocrx_word' id='word_1_82' title='bbox 538 913 632 981; x_wconf 88' lang='lat' dir='ltr'>quibus</span> <span class='ocrx_word' id='word_1_83' title='bbox 642 914 697 981; x_wconf 88' lang='lat' dir='ltr'>jam</span> <span class='ocrx_word' id='word_1_84' title='bbox 710 924 810 970; x_wconf 91' lang='lat' dir='ltr'>tantum</span> <span class='ocrx_word' id='word_1_85' title='bbox 826 925 882 971; x_wconf 89' lang='lat' dir='ltr'>tote</span> <span class='ocrx_word' id='word_1_86' title='bbox 893 918 958 971; x_wconf 91' lang='lat' dir='ltr'>orbc</span> 
     </span>
     <span class='ocr_line' id='line_1_9' title="bbox 170 1001 958 1075; baseline 0.006 -19"><span class='ocrx_word' id='word_1_87' title='bbox 170 1002 240 1073; x_wconf 85' lang='lat' dir='ltr'>puisi</span> <span class='ocrx_word' id='word_1_88' title='bbox 261 1001 327 1055; x_wconf 90' lang='lat' dir='ltr'>laiso</span> <span class='ocrx_word' id='word_1_89' title='bbox 342 1015 454 1071; x_wconf 74' lang='lat' dir='ltr'>regnare</span> <span class='ocrx_word' id='word_1_90' title='bbox 469 1011 603 1067; x_wconf 86' lang='lat' dir='ltr'>putantur.</span> <span class='ocrx_word' id='word_1_91' title='bbox 618 1003 674 1058; x_wconf 89' lang='lat' dir='ltr'>lule</span> <span class='ocrx_word' id='word_1_92' title='bbox 688 1005 757 1059; x_wconf 89' lang='lat' dir='ltr'>enda</span> <span class='ocrx_word' id='word_1_93' title='bbox 781 1021 887 1075; x_wconf 79' lang='lat' dir='ltr'>qnoque</span> <span class='ocrx_word' id='word_1_94' title='bbox 907 1022 958 1061; x_wconf 83' lang='lat' dir='ltr'>sas·</span> 
     </span>
     <span class='ocr_line' id='line_1_10' title="bbox 169 1091 958 1167; baseline 0.005 -19"><span class='ocrx_word' id='word_1_95' title='bbox 169 1095 230 1164; x_wconf 89' lang='lat' dir='ltr'>pitts</span> <span class='ocrx_word' id='word_1_96' title='bbox 252 1091 285 1146; x_wconf 88' lang='lat' dir='ltr'>iis</span> <span class='ocrx_word' id='word_1_97' title='bbox 306 1101 347 1146; x_wconf 89' lang='lat' dir='ltr'>est</span> <span class='ocrx_word' id='word_1_98' title='bbox 371 1091 444 1145; x_wconf 90' lang='lat' dir='ltr'>orbis</span> <span class='ocrx_word' id='word_1_99' title='bbox 464 1092 608 1146; x_wconf 76' lang='lat' dir='ltr'>auctoritas</span> <span class='ocrx_word' id='word_1_100' title='bbox 632 1094 786 1165; x_wconf 77' lang='lat' dir='ltr'>Christiani,</span> <span class='ocrx_word' id='word_1_101' title='bbox 801 1099 827 1151; x_wconf 92' lang='lat' dir='ltr'>in</span> <span class='ocrx_word' id='word_1_102' title='bbox 846 1112 958 1167; x_wconf 84' lang='lat' dir='ltr'>quornm</span> 
     </span>
    </p>
   </div>
   <div class='ocr_carea' id='block_1_4' title="bbox 171 1269 961 1703">
    <p class='ocr_par' dir='ltr' id='par_1_4' title="bbox 171 1269 961 1703">
     <span class='ocr_line' id='line_1_11' title="bbox 171 1269 961 1343; baseline 0.004 -18"><span class='ocrx_word' id='word_1_103' title='bbox 171 1269 260 1326; x_wconf 83' lang='lat' dir='ltr'>adhuc</span> <span class='ocrx_word' id='word_1_104' title='bbox 274 1277 461 1338; x_wconf 72' lang='lat' dir='ltr'>perseverant,</span> <span class='ocrx_word' id='word_1_105' title='bbox 483 1276 510 1322; x_wconf 89' lang='lat' dir='ltr'>et</span> <span class='ocrx_word' id='word_1_106' title='bbox 525 1271 648 1337; x_wconf 88' lang='lat' dir='ltr'>aequasi</span> <span class='ocrx_word' id='word_1_107' title='bbox 663 1271 697 1326; x_wconf 92' lang='lat' dir='ltr'>de</span> <span class='ocrx_word' id='word_1_108' title='bbox 720 1273 838 1342; x_wconf 69' lang='lat' dir='ltr'>legitimo</span> <span class='ocrx_word' id='word_1_109' title='bbox 855 1288 961 1343; x_wconf 88' lang='lat' dir='ltr'>semper</span> 
     </span>
     <span class='ocr_line' id='line_1_12' title="bbox 173 1360 961 1434; baseline 0.004 -19"><span class='ocrx_word' id='word_1_110' title='bbox 173 1360 321 1430; x_wconf 84' lang='lat' dir='ltr'>sprincipn</span> <span class='ocrx_word' id='word_1_111' title='bbox 334 1374 415 1428; x_wconf 89' lang='lat' dir='ltr'>super</span> <span class='ocrx_word' id='word_1_112' title='bbox 437 1360 511 1429; x_wconf 85' lang='lat' dir='ltr'>ipsas</span> <span class='ocrx_word' id='word_1_113' title='bbox 531 1369 624 1427; x_wconf 73' lang='lat' dir='ltr'>pentes</span> <span class='ocrx_word' id='word_1_114' title='bbox 642 1362 753 1417; x_wconf 86' lang='lat' dir='ltr'>deornm</span> <span class='ocrx_word' id='word_1_115' title='bbox 765 1363 888 1434; x_wconf 81' lang='lat' dir='ltr'>jactitent</span> <span class='ocrx_word' id='word_1_116' title='bbox 911 1367 961 1418; x_wconf 90' lang='lat' dir='ltr'>im·</span> 
     </span>
     <span class='ocr_line' id='line_1_13' title="bbox 173 1446 961 1521; baseline 0.006 -18"><span class='ocrx_word' id='word_1_117' title='bbox 173 1448 259 1519; x_wconf 87' lang='lat' dir='ltr'>perio,</span> <span class='ocrx_word' id='word_1_118' title='bbox 281 1446 456 1504; x_wconf 88' lang='lat' dir='ltr'>intimandum</span> <span class='ocrx_word' id='word_1_119' title='bbox 474 1450 506 1503; x_wconf 89' lang='lat' dir='ltr'>iis</span> <span class='ocrx_word' id='word_1_120' title='bbox 520 1461 645 1504; x_wconf 87' lang='lat' dir='ltr'>cunctum</span> <span class='ocrx_word' id='word_1_121' title='bbox 672 1452 744 1521; x_wconf 89' lang='lat' dir='ltr'>ptius</span> <span class='ocrx_word' id='word_1_122' title='bbox 765 1456 892 1508; x_wconf 91' lang='lat' dir='ltr'>mnndum</span> <span class='ocrx_word' id='word_1_123' title='bbox 905 1455 961 1509; x_wconf 92' lang='lat' dir='ltr'>ido·</span> 
     </span>
     <span class='ocr_line' id='line_1_14' title="bbox 173 1539 959 1616; baseline 0.01 -24"><span class='ocrx_word' id='word_1_124' title='bbox 173 1540 259 1595; x_wconf 89' lang='lat' dir='ltr'>lorum</span> <span class='ocrx_word' id='word_1_125' title='bbox 279 1539 398 1596; x_wconf 89' lang='lat' dir='ltr'>deditum</span> <span class='ocrx_word' id='word_1_126' title='bbox 423 1541 544 1606; x_wconf 80' lang='lat' dir='ltr'>culturae,</span> <span class='ocrx_word' id='word_1_127' title='bbox 569 1543 784 1608; x_wconf 62' lang='lat' dir='ltr'>herencurtem</span> <span class='ocrx_word' id='word_1_128' title='bbox 807 1546 959 1616; x_wconf 82' lang='lat' dir='ltr'>qratiareri</span> 
     </span>
     <span class='ocr_line' id='line_1_15' title="bbox 173 1629 959 1703; baseline 0.008 -18"><span class='ocrx_word' id='word_1_129' title='bbox 173 1629 362 1698; x_wconf 88' lang='lat' dir='ltr'>omnipotentis</span> <span class='ocrx_word' id='word_1_130' title='bbox 377 1631 533 1697; x_wconf 85' lang='lat' dir='ltr'>conditoris,</span> <span class='ocrx_word' id='word_1_131' title='bbox 550 1634 663 1688; x_wconf 84' lang='lat' dir='ltr'>rectoria</span> <span class='ocrx_word' id='word_1_132' title='bbox 685 1637 818 1703; x_wconf 87' lang='lat' dir='ltr'>uniusque</span> <span class='ocrx_word' id='word_1_133' title='bbox 842 1638 887 1691; x_wconf 87' lang='lat' dir='ltr'>hcl</span> <span class='ocrx_word' id='word_1_134' title='bbox 909 1651 959 1691; x_wconf 91' lang='lat' dir='ltr'>no·</span> 
     </span>
    </p>
   </div>
   <div class='ocr_carea' id='block_1_5' title="bbox 174 1698 998 1791">
    <p class='ocr_par' dir='ltr' id='par_1_5' title="bbox 174 1698 998 1791">
     <span class='ocr_line' id='line_1_16' title="bbox 174 1698 998 1791; baseline 0.012 -21"><span class='ocrx_word' id='word_1_135' title='bbox 174 1716 231 1771; x_wconf 88' lang='lat' dir='ltr'>titia</span> <span class='ocrx_word' id='word_1_136' title='bbox 256 1718 431 1783; x_wconf 89' lang='lat' dir='ltr'>illuminatus,</span> <span class='ocrx_word' id='word_1_137' title='bbox 456 1719 616 1785; x_wconf 81' lang='lat' dir='ltr'>vinillcatus,</span> <span class='ocrx_word' id='word_1_138' title='bbox 641 1723 881 1791; x_wconf 72' lang='lat' dir='ltr'>reconciliatusque</span> <span class='ocrx_word' id='word_1_139' title='bbox 905 1698 998 1779; x_wconf 77' lang='lat' dir='ltr'>lieoB</span> 
     </span>
    </p>
   </div>
   <div class='ocr_carea' id='block_1_6' title="bbox 171 1806 962 2969">
    <p class='ocr_par' dir='ltr' id='par_1_6' title="bbox 171 1806 962 2969">
     <span class='ocr_line' id='line_1_17' title="bbox 173 1806 960 1884; baseline 0.011 -22"><span class='ocrx_word' id='word_1_140' title='bbox 173 1817 224 1862; x_wconf 88' lang='lat' dir='ltr'>est.</span> <span class='ocrx_word' id='word_1_141' title='bbox 244 1806 310 1862; x_wconf 84' lang='lat' dir='ltr'>Nam</span> <span class='ocrx_word' id='word_1_142' title='bbox 335 1808 404 1877; x_wconf 88' lang='lat' dir='ltr'>quod</span> <span class='ocrx_word' id='word_1_143' title='bbox 428 1809 497 1878; x_wconf 85' lang='lat' dir='ltr'>apud</span> <span class='ocrx_word' id='word_1_144' title='bbox 517 1809 683 1866; x_wconf 86' lang='lat' dir='ltr'>Christianos</span> <span class='ocrx_word' id='word_1_145' title='bbox 705 1812 822 1868; x_wconf 82' lang='lat' dir='ltr'>idolium</span> <span class='ocrx_word' id='word_1_146' title='bbox 843 1817 960 1884; x_wconf 89' lang='lat' dir='ltr'>quotidie</span> 
     </span>
     <span class='ocr_line' id='line_1_18' title="bbox 174 1895 960 1967; baseline 0.013 -18"><span class='ocrx_word' id='word_1_147' title='bbox 174 1895 343 1963; x_wconf 76' lang='lat' dir='ltr'>baptizantur</span> <span class='ocrx_word' id='word_1_148' title='bbox 356 1896 414 1964; x_wconf 90' lang='lat' dir='ltr'>lilii,</span> <span class='ocrx_word' id='word_1_149' title='bbox 431 1898 493 1967; x_wconf 91' lang='lat' dir='ltr'>quid</span> <span class='ocrx_word' id='word_1_150' title='bbox 515 1899 585 1952; x_wconf 91' lang='lat' dir='ltr'>aliud</span> <span class='ocrx_word' id='word_1_151' title='bbox 608 1901 718 1965; x_wconf 87' lang='lat' dir='ltr'>lacttmt,</span> <span class='ocrx_word' id='word_1_152' title='bbox 741 1900 791 1955; x_wconf 81' lang='lat' dir='ltr'>nisi</span> <span class='ocrx_word' id='word_1_153' title='bbox 806 1917 821 1956; x_wconf 93' lang='lat' dir='ltr'>a</span> <span class='ocrx_word' id='word_1_154' title='bbox 841 1905 920 1958; x_wconf 91' lang='lat' dir='ltr'>sorde</span> <span class='ocrx_word' id='word_1_155' title='bbox 934 1915 960 1960; x_wconf 89' lang='lat' dir='ltr'>et</span> 
     </span>
     <span class='ocr_line' id='line_1_19' title="bbox 174 1985 960 2064; baseline 0.013 -26"><span class='ocrx_word' id='word_1_156' title='bbox 174 1992 249 2064; x_wconf 69' lang='lat' dir='ltr'>reaten</span> <span class='ocrx_word' id='word_1_157' title='bbox 262 1985 428 2054; x_wconf 77' lang='lat' dir='ltr'>gentilitatis,</span> <span class='ocrx_word' id='word_1_158' title='bbox 448 2001 498 2055; x_wconf 85' lang='lat' dir='ltr'>qua</span> <span class='ocrx_word' id='word_1_159' title='bbox 511 1995 583 2041; x_wconf 90' lang='lat' dir='ltr'>totus</span> <span class='ocrx_word' id='word_1_160' title='bbox 597 1989 662 2042; x_wconf 91' lang='lat' dir='ltr'>nlim</span> <span class='ocrx_word' id='word_1_161' title='bbox 675 1990 831 2044; x_wconf 87' lang='lat' dir='ltr'>constitutus</span> <span class='ocrx_word' id='word_1_162' title='bbox 846 1994 960 2049; x_wconf 88' lang='lat' dir='ltr'>mundus</span> 
     </span>
     <span class='ocr_line' id='line_1_20' title="bbox 174 2075 959 2152; baseline 0.013 -23"><span class='ocrx_word' id='word_1_163' title='bbox 174 2083 226 2141; x_wconf 82' lang='lat' dir='ltr'>cst,</span> <span class='ocrx_word' id='word_1_164' title='bbox 239 2090 286 2144; x_wconf 89' lang='lat' dir='ltr'>per</span> <span class='ocrx_word' id='word_1_165' title='bbox 296 2075 414 2145; x_wconf 73' lang='lat' dir='ltr'>singulos</span> <span class='ocrx_word' id='word_1_166' title='bbox 429 2091 475 2132; x_wconf 87' lang='lat' dir='ltr'>eos</span> <span class='ocrx_word' id='word_1_167' title='bbox 488 2088 609 2148; x_wconf 77' lang='lat' dir='ltr'>purgant.</span> <span class='ocrx_word' id='word_1_168' title='bbox 627 2080 689 2135; x_wconf 69' lang='lat' dir='ltr'>llaec</span> <span class='ocrx_word' id='word_1_169' title='bbox 699 2080 837 2137; x_wconf 84' lang='lat' dir='ltr'>charitatis</span> <span class='ocrx_word' id='word_1_170' title='bbox 853 2085 959 2152; x_wconf 92' lang='lat' dir='ltr'>intuitu,</span> 
     </span>
     <span class='ocr_line' id='line_1_21' title="bbox 173 2162 962 2232; baseline 0.02 -15"><span class='ocrx_word' id='word_1_171' title='bbox 173 2162 255 2220; x_wconf 84' lang='lat' dir='ltr'>irater</span> <span class='ocrx_word' id='word_1_172' title='bbox 271 2165 318 2231; x_wconf 90' lang='lat' dir='ltr'>mi,</span> <span class='ocrx_word' id='word_1_173' title='bbox 343 2166 457 2222; x_wconf 85' lang='lat' dir='ltr'>breuiter</span> <span class='ocrx_word' id='word_1_174' title='bbox 486 2176 538 2223; x_wconf 78' lang='lat' dir='ltr'>tuo</span> <span class='ocrx_word' id='word_1_175' title='bbox 565 2184 777 2227; x_wconf 86' lang='lat' dir='ltr'>commemorare</span> <span class='ocrx_word' id='word_1_176' title='bbox 797 2175 873 2231; x_wconf 91' lang='lat' dir='ltr'>libuit</span> <span class='ocrx_word' id='word_1_177' title='bbox 896 2177 962 2232; x_wconf 90' lang='lat' dir='ltr'>dile·</span> 
     </span>
     <span class='ocr_line' id='line_1_22' title="bbox 172 2248 962 2332; baseline 0.018 -24"><span class='ocrx_word' id='word_1_178' title='bbox 172 2248 264 2319; x_wconf 76' lang='lat' dir='ltr'>alloni,</span> <span class='ocrx_word' id='word_1_179' title='bbox 276 2256 356 2324; x_wconf 88' lang='lat' dir='ltr'>etqui</span> <span class='ocrx_word' id='word_1_180' title='bbox 368 2257 499 2325; x_wconf 86' lang='lat' dir='ltr'>corporali</span> <span class='ocrx_word' id='word_1_181' title='bbox 512 2269 691 2328; x_wconf 74' lang='lat' dir='ltr'>praegravatus</span> <span class='ocrx_word' id='word_1_182' title='bbox 706 2269 719 2297; x_wconf 79' lang='lat'>⁸</span> <span class='ocrx_word' id='word_1_183' title='bbox 731 2261 859 2332; x_wconf 79' lang='lat' dir='ltr'>longatum</span> <span class='ocrx_word' id='word_1_184' title='bbox 869 2265 962 2322; x_wconf 84' lang='lat' dir='ltr'>laboro</span> 
     </span>
     <span class='ocr_line' id='line_1_23' title="bbox 171 2340 954 2423; baseline 0.02 -26"><span class='ocrx_word' id='word_1_185' title='bbox 171 2340 218 2407; x_wconf 86' lang='lat' dir='ltr'>lta,</span> <span class='ocrx_word' id='word_1_186' title='bbox 232 2353 263 2398; x_wconf 90' lang='lat' dir='ltr'>ut</span> <span class='ocrx_word' id='word_1_187' title='bbox 276 2358 393 2415; x_wconf 80' lang='lat' dir='ltr'>congrue</span> <span class='ocrx_word' id='word_1_188' title='bbox 412 2346 476 2400; x_wconf 91' lang='lat' dir='ltr'>illud</span> <span class='ocrx_word' id='word_1_189' title='bbox 495 2347 644 2405; x_wconf 82' lang='lat' dir='ltr'>Psalmistae</span> <span class='ocrx_word' id='word_1_190' title='bbox 666 2352 755 2408; x_wconf 86' lang='lat' dir='ltr'>dicere</span> <span class='ocrx_word' id='word_1_191' title='bbox 769 2357 869 2423; x_wconf 89' lang='lat' dir='ltr'>possim</span> <span class='ocrx_word' id='word_1_192' title='bbox 883 2375 890 2410; x_wconf 77' lang='grc' dir='ltr'><strong><em>ε</em></strong></span> <span class='ocrx_word' id='word_1_193' title='bbox 904 2357 954 2413; x_wconf 86' lang='lat' dir='ltr'>Co·</span> 
     </span>
     <span class='ocr_line' id='line_1_24' title="bbox 172 2434 959 2512; baseline 0.027 -28"><span class='ocrx_word' id='word_1_194' title='bbox 172 2435 255 2504; x_wconf 78' lang='lat' dir='ltr'>quoni,</span> <span class='ocrx_word' id='word_1_195' title='bbox 279 2434 394 2502; x_wconf 75' lang='lat' dir='ltr'>homine,</span> <span class='ocrx_word' id='word_1_196' title='bbox 409 2439 468 2508; x_wconf 88' lang='lat' dir='ltr'>quio</span> <span class='ocrx_word' id='word_1_197' title='bbox 486 2440 586 2510; x_wconf 81' lang='lat' dir='ltr'>justum</span> <span class='ocrx_word' id='word_1_198' title='bbox 604 2443 735 2512; x_wconf 78' lang='lat' dir='ltr'>judicium</span> <span class='ocrx_word' id='word_1_199' title='bbox 757 2456 839 2512; x_wconf 86' lang='lat' dir='ltr'>tuum,</span> <span class='ocrx_word' id='word_1_200' title='bbox 859 2460 881 2503; x_wconf 86' lang='lat' dir='ltr'>rt</span> <span class='ocrx_word' id='word_1_201' title='bbox 902 2467 959 2505; x_wconf 84' lang='lat' dir='ltr'>cere</span> 
     </span>
     <span class='ocr_line' id='line_1_25' title="bbox 173 2526 958 2606; baseline 0.022 -28"><span class='ocrx_word' id='word_1_202' title='bbox 173 2526 303 2596; x_wconf 78' lang='lat' dir='ltr'>olllisisti.</span> <span class='ocrx_word' id='word_1_203' title='bbox 331 2527 407 2584; x_wconf 85' lang='lat' dir='ltr'>Unde</span> <span class='ocrx_word' id='word_1_204' title='bbox 429 2529 556 2587; x_wconf 82' lang='lat' dir='ltr'>obnixius</span> <span class='ocrx_word' id='word_1_205' title='bbox 581 2541 653 2587; x_wconf 90' lang='lat' dir='ltr'>tuam</span> <span class='ocrx_word' id='word_1_206' title='bbox 679 2545 741 2603; x_wconf 87' lang='lat' dir='ltr'>peta</span> <span class='ocrx_word' id='word_1_207' title='bbox 764 2541 958 2606; x_wconf 84' lang='lat' dir='ltr'>reverentiam,</span> 
     </span>
     <span class='ocr_line' id='line_1_26' title="bbox 172 2619 960 2697; baseline 0.024 -30"><span class='ocrx_word' id='word_1_208' title='bbox 172 2624 302 2684; x_wconf 86' lang='lat' dir='ltr'>tpratsnus</span> <span class='ocrx_word' id='word_1_209' title='bbox 315 2632 376 2671; x_wconf 91' lang='lat' dir='ltr'>cum</span> <span class='ocrx_word' id='word_1_210' title='bbox 400 2619 441 2674; x_wconf 93' lang='lat' dir='ltr'>bis</span> <span class='ocrx_word' id='word_1_211' title='bbox 462 2620 506 2690; x_wconf 92' lang='lat' dir='ltr'>qui</span> <span class='ocrx_word' id='word_1_212' title='bbox 529 2631 618 2676; x_wconf 86' lang='lat' dir='ltr'>tecum</span> <span class='ocrx_word' id='word_1_213' title='bbox 634 2624 739 2680; x_wconf 87' lang='lat' dir='ltr'>Christo</span> <span class='ocrx_word' id='word_1_214' title='bbox 754 2627 779 2680; x_wconf 93' lang='lat' dir='ltr'>in</span> <span class='ocrx_word' id='word_1_215' title='bbox 793 2629 887 2697; x_wconf 90' lang='lat' dir='ltr'>spiritu</span> <span class='ocrx_word' id='word_1_216' title='bbox 903 2644 960 2686; x_wconf 87' lang='lat' dir='ltr'>set·</span> 
     </span>
     <span class='ocr_line' id='line_1_27' title="bbox 173 2704 960 2790; baseline 0.02 -33"><span class='ocrx_word' id='word_1_217' title='bbox 173 2704 256 2769; x_wconf 84' lang='lat' dir='ltr'>siunt,</span> <span class='ocrx_word' id='word_1_218' title='bbox 273 2719 321 2773; x_wconf 90' lang='lat' dir='ltr'>pre</span> <span class='ocrx_word' id='word_1_219' title='bbox 340 2722 383 2762; x_wconf 90' lang='lat' dir='ltr'>me</span> <span class='ocrx_word' id='word_1_220' title='bbox 395 2709 619 2778; x_wconf 80' lang='lat' dir='ltr'>stupplicationum</span> <span class='ocrx_word' id='word_1_221' title='bbox 636 2715 746 2771; x_wconf 87' lang='lat' dir='ltr'>luudcre</span> <span class='ocrx_word' id='word_1_222' title='bbox 761 2732 854 2784; x_wconf 88' lang='lat' dir='ltr'>preces</span> <span class='ocrx_word' id='word_1_223' title='bbox 868 2721 884 2773; x_wconf 90' lang='lat' dir='ltr'>d</span> <span class='ocrx_word' id='word_1_224' title='bbox 897 2736 960 2790; x_wconf 77' lang='lat' dir='ltr'>gno-</span> 
     </span>
     <span class='ocr_line' id='line_1_28' title="bbox 172 2792 958 2877; baseline 0.022 -30"><span class='ocrx_word' id='word_1_225' title='bbox 172 2792 221 2860; x_wconf 90' lang='lat' dir='ltr'>ris,</span> <span class='ocrx_word' id='word_1_226' title='bbox 236 2802 265 2848; x_wconf 92' lang='lat' dir='ltr'>nt</span> <span class='ocrx_word' id='word_1_227' title='bbox 279 2792 414 2863; x_wconf 85' lang='lat' dir='ltr'>hominus,</span> <span class='ocrx_word' id='word_1_228' title='bbox 431 2799 476 2869; x_wconf 91' lang='lat' dir='ltr'>qui</span> <span class='ocrx_word' id='word_1_229' title='bbox 492 2815 534 2854; x_wconf 91' lang='lat' dir='ltr'>me</span> <span class='ocrx_word' id='word_1_230' title='bbox 547 2801 609 2856; x_wconf 77' lang='lat' dir='ltr'>rium</span> <span class='ocrx_word' id='word_1_231' title='bbox 622 2806 834 2874; x_wconf 86' lang='lat' dir='ltr'>compunctionis</span> <span class='ocrx_word' id='word_1_232' title='bbox 850 2811 958 2877; x_wconf 83' lang='lat' dir='ltr'>potants,</span> 
     </span>
     <span class='ocr_line' id='line_1_29' title="bbox 172 2880 960 2969; baseline 0.024 -32"><span class='ocrx_word' id='word_1_233' title='bbox 172 2880 227 2938; x_wconf 87' lang='lat' dir='ltr'>cito</span> <span class='ocrx_word' id='word_1_234' title='bbox 240 2898 289 2940; x_wconf 87' lang='lat' dir='ltr'>sus</span> <span class='ocrx_word' id='word_1_235' title='bbox 303 2885 382 2942; x_wconf 88' lang='lat' dir='ltr'>etiarn</span> <span class='ocrx_word' id='word_1_236' title='bbox 404 2889 532 2960; x_wconf 81' lang='lat' dir='ltr'>anticipet</span> <span class='ocrx_word' id='word_1_237' title='bbox 553 2892 746 2964; x_wconf 89' lang='lat' dir='ltr'>misericordia,</span> <span class='ocrx_word' id='word_1_238' title='bbox 771 2905 799 2950; x_wconf 89' lang='lat' dir='ltr'>ut</span> <span class='ocrx_word' id='word_1_239' title='bbox 822 2899 865 2968; x_wconf 93' lang='lat' dir='ltr'>qui</span> <span class='ocrx_word' id='word_1_240' title='bbox 886 2899 960 2969; x_wconf 84' lang='lat' dir='ltr'>juste</span> 
     </span>
    </p>
   </div>
   <div class='ocr_carea' id='block_1_7' title="bbox 206 3104 955 3246">
    <p class='ocr_par' dir='ltr' id='par_1_7' title="bbox 206 3104 955 3246">
     <span class='ocr_line' id='line_1_30' title="bbox 206 3104 820 3178; baseline 0.007 -19"><span class='ocrx_word' id='word_1_241' title='bbox 206 3113 221 3143; x_wconf 80' lang='lat'>⁸</span> <span class='ocrx_word' id='word_1_242' title='bbox 236 3105 378 3175; x_wconf 70' lang='lat' dir='ltr'>bouqueto.</span> <span class='ocrx_word' id='word_1_243' title='bbox 391 3104 477 3174; x_wconf 85' lang='lat' dir='ltr'>Supra</span> <span class='ocrx_word' id='word_1_244' title='bbox 492 3107 570 3174; x_wconf 85' lang='lat' dir='ltr'>epist.</span> <span class='ocrx_word' id='word_1_245' title='bbox 583 3107 600 3159; x_wconf 79' lang='lat'>5</span> <span class='ocrx_word' id='word_1_246' title='bbox 616 3115 668 3176; x_wconf 79' lang='lat' dir='ltr'>(ep.</span> <span class='ocrx_word' id='word_1_247' title='bbox 684 3108 741 3178; x_wconf 75' lang='lat' dir='ltr'>lu).</span> <span class='ocrx_word' id='word_1_248' title='bbox 756 3109 820 3166; x_wconf 84' lang='lat' dir='ltr'>Sca.</span> 
     </span>
     <span class='ocr_line' id='line_1_31' title="bbox 206 3171 955 3246; baseline 0.011 -19"><span class='ocrx_word' id='word_1_249' title='bbox 206 3171 373 3236; x_wconf 54' lang='lat' dir='ltr'>*baronius</span> <span class='ocrx_word' id='word_1_250' title='bbox 387 3177 430 3242; x_wconf 92' lang='lat' dir='ltr'>qui</span> <span class='ocrx_word' id='word_1_251' title='bbox 446 3177 541 3230; x_wconf 83' lang='lat' dir='ltr'>hcortis</span> <span class='ocrx_word' id='word_1_252' title='bbox 557 3179 696 3246; x_wconf 87' lang='lat' dir='ltr'>imperium</span> <span class='ocrx_word' id='word_1_253' title='bbox 712 3195 783 3232; x_wconf 76' lang='lat' dir='ltr'>atino</span> <span class='ocrx_word' id='word_1_254' title='bbox 799 3196 851 3233; x_wconf 89' lang='lat' dir='ltr'>unu</span> <span class='ocrx_word' id='word_1_255' title='bbox 864 3182 955 3236; x_wconf 86' lang='lat' dir='ltr'>antici·</span> 
     </span>
    </p>
   </div>
   <div class='ocr_carea' id='block_1_8' title="bbox 975 3073 1393 3177">
    <p class='ocr_par' dir='ltr' id='par_1_8' title="bbox 975 3073 1393 3177">
     <span class='ocr_line' id='line_1_32' title="bbox 975 3073 1393 3177; baseline 0.002 -16"><span class='ocrx_word' id='word_1_256' title='bbox 975 3073 996 3133; x_wconf 74' lang='lat' dir='ltr'>C</span> <span class='ocrx_word' id='word_1_257' title='bbox 1012 3107 1094 3163; x_wconf 88' lang='lat' dir='ltr'>lrater</span> <span class='ocrx_word' id='word_1_258' title='bbox 1117 3107 1187 3177; x_wconf 86' lang='lat' dir='ltr'>ejus,</span> <span class='ocrx_word' id='word_1_259' title='bbox 1203 3105 1285 3161; x_wconf 86' lang='lat' dir='ltr'>Witto</span> <span class='ocrx_word' id='word_1_260' title='bbox 1301 3116 1327 3161; x_wconf 92' lang='lat' dir='ltr'>et</span> <span class='ocrx_word' id='word_1_261' title='bbox 1342 3106 1393 3162; x_wconf 88' lang='lat' dir='ltr'>Gre</span> 
     </span>
    </p>
   </div>
   <div class='ocr_carea' id='block_1_9' title="bbox 1010 817 1797 1145">
    <p class='ocr_par' dir='ltr' id='par_1_9' title="bbox 1010 817 1797 1145">
     <span class='ocr_line' id='line_1_33' title="bbox 1010 817 1652 882; baseline 0 -11"><span class='ocrx_word' id='word_1_262' title='bbox 1010 828 1037 871; x_wconf 88' lang='grc' dir='ltr'>ιι</span> <span class='ocrx_word' id='word_1_263' title='bbox 1050 817 1101 870; x_wconf 88' lang='lat' dir='ltr'>tuci</span> <span class='ocrx_word' id='word_1_264' title='bbox 1113 817 1280 882; x_wconf 86' lang='lat' dir='ltr'>memineris,</span> <span class='ocrx_word' id='word_1_265' title='bbox 1295 817 1473 873; x_wconf 79' lang='lat' dir='ltr'>consacerdos</span> <span class='ocrx_word' id='word_1_266' title='bbox 1487 818 1652 875; x_wconf 76' lang='lat' dir='ltr'>citatissime.</span> 
     </span>
     <span class='ocr_line' id='line_1_34' title="bbox 1283 906 1524 962; baseline 0.004 -3"><span class='ocrx_word' id='word_1_267' title='bbox 1283 906 1448 962; x_wconf 78' lang='lat' dir='ltr'>El&#39;lSi&#39;tth</span> <span class='ocrx_word' id='word_1_268' title='bbox 1468 907 1524 961; x_wconf 85' lang='lat' dir='ltr'>tttl.</span> 
     </span>
     <span class='ocr_line' id='line_1_35' title="bbox 1148 997 1665 1070; baseline -0.002 -18"><span class='ocrx_word' id='word_1_269' title='bbox 1148 1011 1292 1052; x_wconf 78' lang='lat' dir='ltr'>caecemus</span> <span class='ocrx_word' id='word_1_270' title='bbox 1307 1012 1455 1052; x_wconf 82' lang='lat' dir='ltr'>sustracto.</span> <span class='ocrx_word' id='word_1_271' title='bbox 1470 997 1509 1070; x_wconf 84' lang='lat' dir='ltr'>[a.</span> <span class='ocrx_word' id='word_1_272' title='bbox 1522 997 1575 1055; x_wconf 66' lang='lat' dir='ltr'>mh</span> <span class='ocrx_word' id='word_1_273' title='bbox 1590 998 1665 1070; x_wconf 66' lang='lat' dir='ltr'>mi</span> 
     </span>
     <span class='ocr_line' id='line_1_36' title="bbox 1047 1087 1797 1145; baseline 0.009 -7"><span class='ocrx_word' id='word_1_274' title='bbox 1047 1087 1279 1142; x_wconf 81' lang='lat' dir='ltr'>llorerendissimo</span> <span class='ocrx_word' id='word_1_275' title='bbox 1306 1096 1333 1142; x_wconf 89' lang='lat' dir='ltr'>el</span> <span class='ocrx_word' id='word_1_276' title='bbox 1366 1089 1536 1143; x_wconf 86' lang='lat' dir='ltr'>sanctissima</span> <span class='ocrx_word' id='word_1_277' title='bbox 1562 1091 1636 1143; x_wconf 85' lang='lat' dir='ltr'>tratri</span> <span class='ocrx_word' id='word_1_278' title='bbox 1662 1087 1797 1145; x_wconf 83' lang='lat' dir='ltr'>anllacio</span> 
     </span>
    </p>
   </div>
   <div class='ocr_carea' id='block_1_10' title="bbox 1011 1267 1806 2973">
    <p class='ocr_par' dir='ltr' id='par_1_10' title="bbox 1011 1267 1806 2973">
     <span class='ocr_line' id='line_1_37' title="bbox 1045 1267 1796 1339; baseline 0.005 -19"><span class='ocrx_word' id='word_1_279' title='bbox 1045 1267 1152 1322; x_wconf 84' lang='lat' dir='ltr'>Credite</span> <span class='ocrx_word' id='word_1_280' title='bbox 1176 1268 1366 1334; x_wconf 76' lang='lat' dir='ltr'>speculationis</span> <span class='ocrx_word' id='word_1_281' title='bbox 1394 1268 1573 1327; x_wconf 84' lang='lat' dir='ltr'>sollicitudine</span> <span class='ocrx_word' id='word_1_282' title='bbox 1598 1271 1796 1339; x_wconf 65' lang='lat' dir='ltr'>permetiens.</span> 
     </span>
     <span class='ocr_line' id='line_1_38' title="bbox 1011 1355 1534 1427; baseline 0.01 -20"><span class='ocrx_word' id='word_1_283' title='bbox 1011 1355 1091 1425; x_wconf 77' lang='lat' dir='ltr'>(Vide</span> <span class='ocrx_word' id='word_1_284' title='bbox 1104 1369 1162 1424; x_wconf 83' lang='lat' dir='ltr'>sup.</span> <span class='ocrx_word' id='word_1_285' title='bbox 1177 1367 1217 1425; x_wconf 83' lang='lat' dir='ltr'>ep.</span> <span class='ocrx_word' id='word_1_286' title='bbox 1232 1355 1248 1408; x_wconf 82' lang='grc'><strong>9</strong></span> <span class='ocrx_word' id='word_1_287' title='bbox 1262 1355 1379 1426; x_wconf 79' lang='lat' dir='ltr'>Grsporii</span> <span class='ocrx_word' id='word_1_288' title='bbox 1392 1374 1466 1424; x_wconf 80' lang='lat' dir='ltr'>pnpoe</span> <span class='ocrx_word' id='word_1_289' title='bbox 1479 1357 1534 1427; x_wconf 73' lang='lat' dir='ltr'>tt)</span> 
     </span>
     <span class='ocr_line' id='line_1_39' title="bbox 1274 1446 1530 1502; baseline 0.008 -2"><span class='ocrx_word' id='word_1_290' title='bbox 1274 1446 1439 1502; x_wconf 69' lang='lat' dir='ltr'>betsabee</span> <span class='ocrx_word' id='word_1_291' title='bbox 1462 1447 1530 1502; x_wconf 80' lang='lat' dir='ltr'>till.</span> 
     </span>
     <span class='ocr_line' id='line_1_40' title="bbox 1081 1541 1728 1614; baseline 0.003 -24"><span class='ocrx_word' id='word_1_292' title='bbox 1081 1552 1097 1590; x_wconf 88' lang='lat' dir='ltr'>rt</span> <span class='ocrx_word' id='word_1_293' title='bbox 1119 1575 1126 1590; x_wconf 86' lang='lat'><em>.</em></span> <span class='ocrx_word' id='word_1_294' title='bbox 1148 1571 1155 1590; x_wconf 87' lang='lat'><strong>.</strong></span> <span class='ocrx_word' id='word_1_295' title='bbox 1178 1575 1185 1588; x_wconf 92' lang='lat'><em>.</em></span> <span class='ocrx_word' id='word_1_296' title='bbox 1206 1575 1212 1588; x_wconf 86' lang='lat'>.</span> <span class='ocrx_word' id='word_1_297' title='bbox 1233 1551 1361 1592; x_wconf 76' lang='lat' dir='ltr'>anteusus</span> <span class='ocrx_word' id='word_1_298' title='bbox 1385 1554 1540 1594; x_wconf 80' lang='lat' dir='ltr'>eaoeunoat.</span> <span class='ocrx_word' id='word_1_299' title='bbox 1557 1541 1594 1613; x_wconf 85' lang='lat' dir='ltr'>[a.</span> <span class='ocrx_word' id='word_1_300' title='bbox 1611 1554 1637 1594; x_wconf 87' lang='lat' dir='ltr'>b.</span> <span class='ocrx_word' id='word_1_301' title='bbox 1655 1542 1728 1614; x_wconf 65' lang='lat' dir='ltr'>liin]</span> 
     </span>
     <span class='ocr_line' id='line_1_41' title="bbox 1047 1625 1798 1688; baseline 0.012 -8"><span class='ocrx_word' id='word_1_302' title='bbox 1047 1626 1285 1682; x_wconf 80' lang='lat' dir='ltr'>Reverendissimae</span> <span class='ocrx_word' id='word_1_303' title='bbox 1299 1637 1328 1680; x_wconf 91' lang='lat' dir='ltr'>et</span> <span class='ocrx_word' id='word_1_304' title='bbox 1343 1628 1369 1679; x_wconf 91' lang='lat' dir='ltr'>in</span> <span class='ocrx_word' id='word_1_305' title='bbox 1380 1625 1487 1681; x_wconf 89' lang='lat' dir='ltr'>Cbristo</span> <span class='ocrx_word' id='word_1_306' title='bbox 1500 1629 1664 1684; x_wconf 77' lang='lat' dir='ltr'>charissimae</span> <span class='ocrx_word' id='word_1_307' title='bbox 1680 1632 1798 1688; x_wconf 82' lang='lat' dir='ltr'>Eadbttr·</span> 
     </span>
     <span class='ocr_line' id='line_1_42' title="bbox 1013 1713 1806 1793; baseline 0.006 -25"><span class='ocrx_word' id='word_1_308' title='bbox 1013 1730 1052 1786; x_wconf 73' lang='lat' dir='ltr'>pu</span> <span class='ocrx_word' id='word_1_309' title='bbox 1068 1716 1220 1793; x_wconf 59' lang='lat' dir='ltr'>abbatissae,</span> <span class='ocrx_word' id='word_1_310' title='bbox 1234 1713 1266 1769; x_wconf 85' lang='lat' dir='ltr'>tt.</span> <span class='ocrx_word' id='word_1_311' title='bbox 1291 1714 1415 1784; x_wconf 81' lang='lat' dir='ltr'>indignus</span> <span class='ocrx_word' id='word_1_312' title='bbox 1435 1723 1464 1770; x_wconf 90' lang='lat' dir='ltr'>et</span> <span class='ocrx_word' id='word_1_313' title='bbox 1485 1718 1596 1786; x_wconf 76' lang='lat' dir='ltr'>exipsius</span> <span class='ocrx_word' id='word_1_314' title='bbox 1610 1718 1737 1774; x_wconf 87' lang='lat' dir='ltr'>diaconus</span> <span class='ocrx_word' id='word_1_315' title='bbox 1752 1736 1806 1791; x_wconf 83' lang='lat' dir='ltr'>pe·.</span> 
     </span>
     <span class='ocr_line' id='line_1_43' title="bbox 1013 1804 1427 1860; baseline -0.005 0"><span class='ocrx_word' id='word_1_316' title='bbox 1013 1821 1123 1860; x_wconf 83' lang='lat' dir='ltr'>sennem</span> <span class='ocrx_word' id='word_1_317' title='bbox 1138 1805 1164 1859; x_wconf 91' lang='lat' dir='ltr'>itt</span> <span class='ocrx_word' id='word_1_318' title='bbox 1178 1804 1292 1858; x_wconf 83' lang='lat' dir='ltr'>Domino</span> <span class='ocrx_word' id='word_1_319' title='bbox 1303 1804 1427 1858; x_wconf 88' lang='lat' dir='ltr'>salutem.</span> 
     </span>
     <span class='ocr_line' id='line_1_44' title="bbox 1048 1894 1798 1970; baseline 0.008 -19"><span class='ocrx_word' id='word_1_320' title='bbox 1048 1894 1182 1951; x_wconf 79' lang='lat' dir='ltr'>hlndtatis</span> <span class='ocrx_word' id='word_1_321' title='bbox 1198 1903 1249 1948; x_wconf 84' lang='lat' dir='ltr'>ture</span> <span class='ocrx_word' id='word_1_322' title='bbox 1262 1894 1429 1949; x_wconf 88' lang='lat' dir='ltr'>clementiam</span> <span class='ocrx_word' id='word_1_323' title='bbox 1454 1895 1557 1952; x_wconf 90' lang='lat' dir='ltr'>intimis</span> <span class='ocrx_word' id='word_1_324' title='bbox 1579 1897 1692 1955; x_wconf 81' lang='lat' dir='ltr'>obsecro</span> <span class='ocrx_word' id='word_1_325' title='bbox 1712 1906 1798 1970; x_wconf 87' lang='lat' dir='ltr'>preci-</span> 
     </span>
     <span class='ocr_line' id='line_1_45' title="bbox 1015 1984 1797 2055; baseline 0.012 -16"><span class='ocrx_word' id='word_1_326' title='bbox 1015 1985 1075 2049; x_wconf 87' lang='lat' dir='ltr'>bus,</span> <span class='ocrx_word' id='word_1_327' title='bbox 1091 1993 1119 2038; x_wconf 88' lang='grc' dir='ltr'>ιιι</span> <span class='ocrx_word' id='word_1_328' title='bbox 1133 1984 1186 2039; x_wconf 88' lang='lat' dir='ltr'>mei</span> <span class='ocrx_word' id='word_1_329' title='bbox 1202 1999 1304 2039; x_wconf 88' lang='lat' dir='ltr'>memor</span> <span class='ocrx_word' id='word_1_330' title='bbox 1324 1996 1386 2040; x_wconf 85' lang='lat' dir='ltr'>esse</span> <span class='ocrx_word' id='word_1_331' title='bbox 1406 1984 1523 2055; x_wconf 69' lang='lat' dir='ltr'>digneris</span> <span class='ocrx_word' id='word_1_332' title='bbox 1539 1988 1564 2040; x_wconf 93' lang='lat' dir='ltr'>in</span> <span class='ocrx_word' id='word_1_333' title='bbox 1581 1996 1684 2044; x_wconf 89' lang='lat' dir='ltr'>tuarum</span> <span class='ocrx_word' id='word_1_334' title='bbox 1706 2004 1797 2048; x_wconf 87' lang='lat' dir='ltr'>sacru-</span> 
     </span>
     <span class='ocr_line' id='line_1_46' title="bbox 1013 2075 1796 2145; baseline 0.005 -15"><span class='ocrx_word' id='word_1_335' title='bbox 1013 2075 1114 2130; x_wconf 87' lang='lat' dir='ltr'>sanctis</span> <span class='ocrx_word' id='word_1_336' title='bbox 1125 2075 1277 2129; x_wconf 88' lang='lat' dir='ltr'>orationum</span> <span class='ocrx_word' id='word_1_337' title='bbox 1297 2075 1434 2140; x_wconf 87' lang='lat' dir='ltr'>subsidiis,</span> <span class='ocrx_word' id='word_1_338' title='bbox 1449 2076 1517 2130; x_wconf 90' lang='lat' dir='ltr'>sient</span> <span class='ocrx_word' id='word_1_339' title='bbox 1529 2076 1594 2130; x_wconf 90' lang='lat' dir='ltr'>mibi</span> <span class='ocrx_word' id='word_1_340' title='bbox 1615 2087 1662 2145; x_wconf 87' lang='lat' dir='ltr'>per</span> <span class='ocrx_word' id='word_1_341' title='bbox 1683 2079 1796 2135; x_wconf 82' lang='lat' dir='ltr'>redean-</span> 
     </span>
     <span class='ocr_line' id='line_1_47' title="bbox 1018 2164 1796 2235; baseline 0.005 -16"><span class='ocrx_word' id='word_1_342' title='bbox 1018 2176 1070 2220; x_wconf 88' lang='lat' dir='ltr'>tem</span> <span class='ocrx_word' id='word_1_343' title='bbox 1086 2164 1194 2219; x_wconf 89' lang='lat' dir='ltr'>iratrem</span> <span class='ocrx_word' id='word_1_344' title='bbox 1210 2171 1330 2218; x_wconf 88' lang='lat' dir='ltr'>nostrum</span> <span class='ocrx_word' id='word_1_345' title='bbox 1352 2164 1384 2218; x_wconf 87' lang='lat' dir='ltr'>tt.</span> <span class='ocrx_word' id='word_1_346' title='bbox 1405 2174 1448 2218; x_wconf 85' lang='lat' dir='ltr'>tua</span> <span class='ocrx_word' id='word_1_347' title='bbox 1474 2165 1585 2235; x_wconf 76' lang='lat' dir='ltr'>benigna</span> <span class='ocrx_word' id='word_1_348' title='bbox 1605 2169 1720 2222; x_wconf 79' lang='lat' dir='ltr'>charitas</span> <span class='ocrx_word' id='word_1_349' title='bbox 1733 2184 1796 2223; x_wconf 86' lang='lat' dir='ltr'>enn-</span> 
     </span>
     <span class='ocr_line' id='line_1_48' title="bbox 1018 2253 1796 2328; baseline 0.006 -19"><span class='ocrx_word' id='word_1_350' title='bbox 1018 2256 1116 2310; x_wconf 88' lang='lat' dir='ltr'>cedens</span> <span class='ocrx_word' id='word_1_351' title='bbox 1132 2253 1262 2324; x_wconf 85' lang='lat' dir='ltr'>promisit.</span> <span class='ocrx_word' id='word_1_352' title='bbox 1276 2254 1331 2308; x_wconf 93' lang='lat' dir='ltr'>lloc</span> <span class='ocrx_word' id='word_1_353' title='bbox 1345 2255 1427 2309; x_wconf 89' lang='lat' dir='ltr'>etiam</span> <span class='ocrx_word' id='word_1_354' title='bbox 1446 2254 1542 2310; x_wconf 83' lang='lat' dir='ltr'>obnlra</span> <span class='ocrx_word' id='word_1_355' title='bbox 1558 2270 1638 2325; x_wconf 87' lang='lat' dir='ltr'>prece</span> <span class='ocrx_word' id='word_1_356' title='bbox 1653 2259 1752 2328; x_wconf 78' lang='lat' dir='ltr'>llaqitn,</span> <span class='ocrx_word' id='word_1_357' title='bbox 1770 2272 1796 2313; x_wconf 92' lang='lat' dir='ltr'>ot</span> 
     </span>
     <span class='ocr_line' id='line_1_49' title="bbox 1016 2343 1798 2420; baseline 0.01 -20"><span class='ocrx_word' id='word_1_358' title='bbox 1016 2362 1082 2400; x_wconf 79' lang='grc' dir='ltr'>ιιι-ιι</span> <span class='ocrx_word' id='word_1_359' title='bbox 1107 2343 1257 2415; x_wconf 79' lang='lat' dir='ltr'>fragilitatis</span> <span class='ocrx_word' id='word_1_360' title='bbox 1282 2360 1398 2412; x_wconf 88' lang='lat' dir='ltr'>nutem,</span> <span class='ocrx_word' id='word_1_361' title='bbox 1423 2362 1481 2416; x_wconf 73' lang='lat' dir='ltr'>qua]</span> <span class='ocrx_word' id='word_1_362' title='bbox 1511 2348 1628 2416; x_wconf 88' lang='lat' dir='ltr'>quotidie</span> <span class='ocrx_word' id='word_1_363' title='bbox 1661 2355 1798 2420; x_wconf 78' lang='lat' dir='ltr'>prasente</span> 
     </span>
     <span class='ocr_line' id='line_1_50' title="bbox 1015 2439 1806 2509; baseline 0.003 -14"><span class='ocrx_word' id='word_1_364' title='bbox 1015 2440 1106 2496; x_wconf 79' lang='lat' dir='ltr'>nruntii</span> <span class='ocrx_word' id='word_1_365' title='bbox 1132 2440 1307 2509; x_wconf 88' lang='lat' dir='ltr'>procellarum</span> <span class='ocrx_word' id='word_1_366' title='bbox 1331 2439 1481 2496; x_wconf 90' lang='lat' dir='ltr'>turbinibus</span> <span class='ocrx_word' id='word_1_367' title='bbox 1501 2443 1628 2509; x_wconf 90' lang='lat' dir='ltr'>quatitur,</span> <span class='ocrx_word' id='word_1_368' title='bbox 1643 2451 1696 2498; x_wconf 80' lang='lat' dir='ltr'>tusa</span> <span class='ocrx_word' id='word_1_369' title='bbox 1716 2447 1806 2497; x_wconf 69' lang='lat' dir='ltr'>establ-⁴</span> 
     </span>
     <span class='ocr_line' id='line_1_51' title="bbox 1014 2527 1797 2602; baseline 0.003 -17"><span class='ocrx_word' id='word_1_370' title='bbox 1014 2531 1095 2585; x_wconf 87' lang='lat' dir='ltr'>litatis</span> <span class='ocrx_word' id='word_1_371' title='bbox 1109 2528 1236 2599; x_wconf 82' lang='lat' dir='ltr'>solltaqlo</span> <span class='ocrx_word' id='word_1_372' title='bbox 1263 2527 1397 2594; x_wconf 87' lang='lat' dir='ltr'>luiriatur,</span> <span class='ocrx_word' id='word_1_373' title='bbox 1420 2537 1561 2585; x_wconf 84' lang='lat' dir='ltr'>utcontra</span> <span class='ocrx_word' id='word_1_374' title='bbox 1583 2531 1685 2602; x_wconf 84' lang='lat' dir='ltr'>antiqui</span> <span class='ocrx_word' id='word_1_375' title='bbox 1713 2533 1797 2588; x_wconf 86' lang='lat' dir='ltr'>bostis</span> 
     </span>
     <span class='ocr_line' id='line_1_52' title="bbox 1014 2617 1797 2691; baseline 0.001 -17"><span class='ocrx_word' id='word_1_376' title='bbox 1014 2627 1144 2676; x_wconf 73' lang='lat' dir='ltr'>uenenato</span> <span class='ocrx_word' id='word_1_377' title='bbox 1171 2617 1275 2687; x_wconf 89' lang='lat' dir='ltr'>spicula</span> <span class='ocrx_word' id='word_1_378' title='bbox 1298 2618 1450 2673; x_wconf 87' lang='lat' dir='ltr'>oraminum</span> <span class='ocrx_word' id='word_1_379' title='bbox 1475 2629 1580 2674; x_wconf 90' lang='lat' dir='ltr'>tuorum</span> <span class='ocrx_word' id='word_1_380' title='bbox 1603 2620 1797 2691; x_wconf 82' lang='lat' dir='ltr'>lrequenteju-</span> 
     </span>
     <span class='ocr_line' id='line_1_53' title="bbox 1013 2707 1796 2767; baseline 0.008 -6"><span class='ocrx_word' id='word_1_381' title='bbox 1013 2709 1121 2766; x_wconf 81' lang='lat' dir='ltr'>vamina</span> <span class='ocrx_word' id='word_1_382' title='bbox 1138 2708 1255 2764; x_wconf 90' lang='lat' dir='ltr'>munias.</span> <span class='ocrx_word' id='word_1_383' title='bbox 1275 2707 1356 2762; x_wconf 86' lang='lat' dir='ltr'>Parra</span> <span class='ocrx_word' id='word_1_384' title='bbox 1382 2710 1535 2764; x_wconf 77' lang='lat' dir='ltr'>motiuncula</span> <span class='ocrx_word' id='word_1_385' title='bbox 1565 2721 1616 2767; x_wconf 81' lang='lat' dir='ltr'>tun</span> <span class='ocrx_word' id='word_1_386' title='bbox 1639 2713 1796 2767; x_wconf 67' lang='lat' dir='ltr'>ueneranda</span> 
     </span>
     <span class='ocr_line' id='line_1_54' title="bbox 1012 2799 1796 2872; baseline 0 -15"><span class='ocrx_word' id='word_1_387' title='bbox 1012 2800 1146 2857; x_wconf 89' lang='lat' dir='ltr'>dilectioni</span> <span class='ocrx_word' id='word_1_388' title='bbox 1183 2799 1336 2864; x_wconf 67' lang='lat' dir='ltr'>transmisi,</span> <span class='ocrx_word' id='word_1_389' title='bbox 1377 2799 1402 2854; x_wconf 93' lang='lat' dir='ltr'>id</span> <span class='ocrx_word' id='word_1_390' title='bbox 1434 2811 1488 2866; x_wconf 85' lang='lat' dir='ltr'>eat,</span> <span class='ocrx_word' id='word_1_391' title='bbox 1516 2817 1597 2856; x_wconf 90' lang='lat' dir='ltr'>uuum</span> <span class='ocrx_word' id='word_1_392' title='bbox 1625 2803 1796 2872; x_wconf 72' lang='lat' dir='ltr'>eqrapbium</span> 
     </span>
     <span class='ocr_line' id='line_1_55' title="bbox 1012 2893 1796 2973; baseline 0.004 -25"><span class='ocrx_word' id='word_1_393' title='bbox 1012 2904 1187 2963; x_wconf 80' lang='lat' dir='ltr'>argenteum,</span> <span class='ocrx_word' id='word_1_394' title='bbox 1219 2900 1246 2946; x_wconf 92' lang='lat' dir='ltr'>et</span> <span class='ocrx_word' id='word_1_395' title='bbox 1284 2895 1396 2946; x_wconf 89' lang='lat' dir='ltr'>storaels</span> <span class='ocrx_word' id='word_1_396' title='bbox 1423 2900 1460 2973; x_wconf 82' lang='lat' dir='ltr'>et</span> <span class='ocrx_word' id='word_1_397' title='bbox 1496 2893 1658 2948; x_wconf 87' lang='lat' dir='ltr'>eittnamomi</span> <span class='ocrx_word' id='word_1_398' title='bbox 1695 2902 1796 2963; x_wconf 73' lang='lat' dir='ltr'>partem</span> 
     </span>
    </p>
   </div>
   <div class='ocr_carea' id='block_1_11' title="bbox 1007 3098 1794 3246">
    <p class='ocr_par' dir='ltr' id='par_1_11' title="bbox 1007 3098 1794 3246">
     <span class='ocr_line' id='line_1_56' title="bbox 1395 3098 1794 3229; baseline 0.03 -70"><span class='ocrx_word' id='word_1_399' title='bbox 1395 3098 1620 3229; x_wconf 55' lang='lat' dir='ltr'>periusfleminae</span> <span class='ocrx_word' id='word_1_400' title='bbox 1645 3125 1710 3164; x_wconf 85' lang='lat' dir='ltr'>vero</span> <span class='ocrx_word' id='word_1_401' title='bbox 1732 3116 1794 3171; x_wconf 89' lang='lat' dir='ltr'>reli-</span> 
     </span>
     <span class='ocr_line' id='line_1_57' title="bbox 1007 3177 1794 3246; baseline 0.011 -16"><span class='ocrx_word' id='word_1_402' title='bbox 1007 3180 1103 3246; x_wconf 76' lang='lat' dir='ltr'>giosa,</span> <span class='ocrx_word' id='word_1_403' title='bbox 1119 3187 1262 3231; x_wconf 86' lang='lat' dir='ltr'>matertera</span> <span class='ocrx_word' id='word_1_404' title='bbox 1283 3177 1384 3231; x_wconf 90' lang='lat' dir='ltr'>scilieet</span> <span class='ocrx_word' id='word_1_405' title='bbox 1407 3178 1478 3241; x_wconf 79' lang='lat' dir='ltr'>arltt,</span> <span class='ocrx_word' id='word_1_406' title='bbox 1500 3178 1752 3237; x_wconf 71' lang='lat' dir='ltr'>urantinelihunihilt</span> <span class='ocrx_word' id='word_1_407' title='bbox 1766 3190 1794 3241; x_wconf 90' lang='grc' dir='ltr'>ιι</span> 
     </span>
    </p>
   </div>
   <div class='ocr_carea' id='block_1_12' title="bbox 133 3244 1843 4563">
    <p class='ocr_par' dir='ltr' id='par_1_12' title="bbox 133 3244 1843 4563">
     <span class='ocr_line' id='line_1_58' title="bbox 170 3244 1843 3317; baseline 0.007 -20"><span class='ocrx_word' id='word_1_408' title='bbox 170 3246 253 3314; x_wconf 87' lang='lat' dir='ltr'>parit,</span> <span class='ocrx_word' id='word_1_409' title='bbox 270 3244 296 3297; x_wconf 91' lang='lat' dir='ltr'>in</span> <span class='ocrx_word' id='word_1_410' title='bbox 319 3244 413 3297; x_wconf 86' lang='lat' dir='ltr'>barum</span> <span class='ocrx_word' id='word_1_411' title='bbox 438 3245 584 3299; x_wconf 86' lang='lat' dir='ltr'>litterarum</span> <span class='ocrx_word' id='word_1_412' title='bbox 602 3249 719 3317; x_wconf 76' lang='lat' dir='ltr'>rnorgine</span> <span class='ocrx_word' id='word_1_413' title='bbox 738 3264 836 3303; x_wconf 88' lang='lat' dir='ltr'>annum</span> <span class='ocrx_word' id='word_1_414' title='bbox 861 3252 957 3306; x_wconf 78' lang='lat' dir='ltr'>lmnrris</span> <span class='ocrx_word' id='word_1_415' title='bbox 1010 3252 1061 3300; x_wconf 86' lang='lat' dir='ltr'>lilia</span> <span class='ocrx_word' id='word_1_416' title='bbox 1084 3249 1142 3313; x_wconf 79' lang='lat' dir='ltr'>ejus</span> <span class='ocrx_word' id='word_1_417' title='bbox 1167 3247 1311 3308; x_wconf 72' lang='lat' dir='ltr'>Berutbuit,</span> <span class='ocrx_word' id='word_1_418' title='bbox 1335 3246 1477 3301; x_wconf 86' lang='lat' dir='ltr'>Chnnitrut</span> <span class='ocrx_word' id='word_1_419' title='bbox 1500 3256 1527 3300; x_wconf 89' lang='lat' dir='ltr'>ct</span> <span class='ocrx_word' id='word_1_420' title='bbox 1550 3249 1640 3312; x_wconf 76' lang='lat' dir='ltr'>iscla,</span> <span class='ocrx_word' id='word_1_421' title='bbox 1663 3248 1743 3306; x_wconf 85' lang='lat' dir='ltr'>Licha</span> <span class='ocrx_word' id='word_1_422' title='bbox 1767 3264 1794 3308; x_wconf 89' lang='lat' dir='ltr'>et</span> <span class='ocrx_word' id='word_1_423' title='bbox 1840 3251 1843 3257; x_wconf 80' lang='grc'><strong>’</strong></span> 
     </span>
     <span class='ocr_line' id='line_1_59' title="bbox 170 3313 1828 3394; baseline 0.005 -26"><span class='ocrx_word' id='word_1_424' title='bbox 170 3327 269 3368; x_wconf 87' lang='lat' dir='ltr'>nonum</span> <span class='ocrx_word' id='word_1_425' title='bbox 286 3313 343 3366; x_wconf 89' lang='lat' dir='ltr'>loco</span> <span class='ocrx_word' id='word_1_426' title='bbox 357 3314 444 3366; x_wconf 84' lang='lat' dir='ltr'>octavi</span> <span class='ocrx_word' id='word_1_427' title='bbox 457 3317 567 3376; x_wconf 81' lang='lat' dir='ltr'>nutarit,</span> <span class='ocrx_word' id='word_1_428' title='bbox 580 3317 626 3369; x_wconf 88' lang='lat' dir='ltr'>sed</span> <span class='ocrx_word' id='word_1_429' title='bbox 643 3331 792 3383; x_wconf 74' lang='lat' dir='ltr'>puerperam.</span> <span class='ocrx_word' id='word_1_430' title='bbox 806 3318 873 3373; x_wconf 84' lang='lat' dir='ltr'>Cum</span> <span class='ocrx_word' id='word_1_431' title='bbox 886 3327 956 3373; x_wconf 88' lang='grc' dir='ltr'>ιιιιιιι</span> <span class='ocrx_word' id='word_1_432' title='bbox 1008 3315 1172 3384; x_wconf 79' lang='lat' dir='ltr'>Waltputpis</span> <span class='ocrx_word' id='word_1_433' title='bbox 1187 3331 1263 3369; x_wconf 88' lang='lat' dir='ltr'>soror</span> <span class='ocrx_word' id='word_1_434' title='bbox 1274 3314 1418 3368; x_wconf 87' lang='lat' dir='ltr'>Willihaldi</span> <span class='ocrx_word' id='word_1_435' title='bbox 1433 3324 1460 3369; x_wconf 92' lang='lat' dir='ltr'>et</span> <span class='ocrx_word' id='word_1_436' title='bbox 1474 3316 1636 3372; x_wconf 77' lang='lat' dir='ltr'>wunibaldi.</span> <span class='ocrx_word' id='word_1_437' title='bbox 1652 3321 1706 3374; x_wconf 81' lang='lat' dir='ltr'>Sed</span> <span class='ocrx_word' id='word_1_438' title='bbox 1720 3323 1792 3376; x_wconf 85' lang='lat' dir='ltr'>Chu-</span> <span class='ocrx_word' id='word_1_439' title='bbox 1817 3382 1828 3394; x_wconf 50' lang='grc'>,</span> 
     </span>
     <span class='ocr_line' id='line_1_60' title="bbox 167 3380 1791 3467; baseline 0.004 -28"><span class='ocrx_word' id='word_1_440' title='bbox 167 3385 226 3439; x_wconf 81' lang='lat' dir='ltr'>Leo</span> <span class='ocrx_word' id='word_1_441' title='bbox 239 3389 269 3438; x_wconf 82' lang='lat' dir='ltr'>et</span> <span class='ocrx_word' id='word_1_442' title='bbox 282 3380 473 3436; x_wconf 85' lang='lat' dir='ltr'>Constantinus</span> <span class='ocrx_word' id='word_1_443' title='bbox 485 3387 542 3450; x_wconf 82' lang='lat' dir='ltr'>ejus</span> <span class='ocrx_word' id='word_1_444' title='bbox 556 3386 624 3438; x_wconf 83' lang='lat' dir='ltr'>lilius</span> <span class='ocrx_word' id='word_1_445' title='bbox 638 3388 731 3440; x_wconf 86' lang='lat' dir='ltr'>endem</span> <span class='ocrx_word' id='word_1_446' title='bbox 746 3402 847 3450; x_wconf 53' lang='lat' dir='ltr'>urenae,</span> <span class='ocrx_word' id='word_1_447' title='bbox 862 3405 957 3455; x_wconf 83' lang='lat' dir='ltr'>ttcrnpe</span> <span class='ocrx_word' id='word_1_448' title='bbox 1009 3389 1086 3441; x_wconf 91' lang='lat' dir='ltr'>tnbilt</span> <span class='ocrx_word' id='word_1_449' title='bbox 1099 3393 1125 3439; x_wconf 91' lang='lat' dir='ltr'>et</span> <span class='ocrx_word' id='word_1_450' title='bbox 1140 3385 1192 3437; x_wconf 88' lang='lat' dir='ltr'>litia</span> <span class='ocrx_word' id='word_1_451' title='bbox 1209 3385 1266 3451; x_wconf 79' lang='lat' dir='ltr'>ejus</span> <span class='ocrx_word' id='word_1_452' title='bbox 1279 3383 1416 3463; x_wconf 73' lang='lat' dir='ltr'>berathgit</span> <span class='ocrx_word' id='word_1_453' title='bbox 1430 3384 1505 3462; x_wconf 81' lang='lat' dir='ltr'>raldo</span> <span class='ocrx_word' id='word_1_454' title='bbox 1526 3387 1634 3440; x_wconf 76' lang='lat' dir='ltr'>eruditas</span> <span class='ocrx_word' id='word_1_455' title='bbox 1645 3391 1672 3467; x_wconf 81' lang='lat' dir='ltr'>in</span> <span class='ocrx_word' id='word_1_456' title='bbox 1689 3389 1791 3446; x_wconf 88' lang='lat' dir='ltr'>liberali</span> 
     </span>
     <span class='ocr_line' id='line_1_61' title="bbox 168 3451 1793 3535; baseline 0.004 -28"><span class='ocrx_word' id='word_1_457' title='bbox 168 3451 283 3514; x_wconf 66' lang='lat' dir='ltr'>Martio,</span> <span class='ocrx_word' id='word_1_458' title='bbox 300 3451 364 3505; x_wconf 89' lang='lat' dir='ltr'>dicti</span> <span class='ocrx_word' id='word_1_459' title='bbox 388 3453 443 3506; x_wconf 93' lang='lat' dir='ltr'>sint</span> <span class='ocrx_word' id='word_1_460' title='bbox 468 3452 660 3521; x_wconf 87' lang='lat' dir='ltr'>imperatores,</span> <span class='ocrx_word' id='word_1_461' title='bbox 675 3457 719 3509; x_wconf 90' lang='lat' dir='ltr'>ille</span> <span class='ocrx_word' id='word_1_462' title='bbox 746 3471 817 3511; x_wconf 90' lang='lat' dir='ltr'>anno</span> <span class='ocrx_word' id='word_1_463' title='bbox 837 3459 898 3519; x_wconf 82' lang='lat' dir='ltr'>ili,</span> <span class='ocrx_word' id='word_1_464' title='bbox 916 3460 958 3513; x_wconf 88' lang='lat' dir='ltr'>bio</span> <span class='ocrx_word' id='word_1_465' title='bbox 1007 3457 1137 3515; x_wconf 89' lang='lat' dir='ltr'>seleutia,</span> <span class='ocrx_word' id='word_1_466' title='bbox 1161 3455 1190 3505; x_wconf 86' lang='lat' dir='ltr'>in</span> <span class='ocrx_word' id='word_1_467' title='bbox 1212 3455 1404 3532; x_wconf 76' lang='lat' dir='ltr'>&#39;l&#39;bnrmpormn</span> <span class='ocrx_word' id='word_1_468' title='bbox 1420 3467 1543 3534; x_wconf 30' lang='lat' dir='ltr'>,reqtnnc</span> <span class='ocrx_word' id='word_1_469' title='bbox 1565 3459 1793 3535; x_wconf 80' lang='lat' dir='ltr'>constituebantur</span> 
     </span>
     <span class='ocr_line' id='line_1_62' title="bbox 162 3518 1792 3602; baseline 0.002 -25"><span class='ocrx_word' id='word_1_470' title='bbox 162 3534 241 3577; x_wconf 79' lang='lat' dir='ltr'>sunu</span> <span class='ocrx_word' id='word_1_471' title='bbox 266 3518 339 3587; x_wconf 71' lang='lat' dir='ltr'>aab,</span> <span class='ocrx_word' id='word_1_472' title='bbox 354 3520 381 3575; x_wconf 92' lang='lat' dir='ltr'>in</span> <span class='ocrx_word' id='word_1_473' title='bbox 406 3521 529 3576; x_wconf 87' lang='lat' dir='ltr'>omnihus</span> <span class='ocrx_word' id='word_1_474' title='bbox 555 3525 793 3592; x_wconf 87' lang='lat' dir='ltr'>subscriptionibus</span> <span class='ocrx_word' id='word_1_475' title='bbox 816 3528 877 3579; x_wconf 86' lang='lat' dir='ltr'>anni</span> <span class='ocrx_word' id='word_1_476' title='bbox 905 3537 957 3582; x_wconf 76' lang='lat' dir='ltr'>tres</span> <span class='ocrx_word' id='word_1_477' title='bbox 1009 3527 1154 3592; x_wconf 81' lang='lat' dir='ltr'>nnqpstrae.</span> <span class='ocrx_word' id='word_1_478' title='bbox 1177 3521 1324 3601; x_wconf 78' lang='lat' dir='ltr'>Cbmtitrud</span> <span class='ocrx_word' id='word_1_479' title='bbox 1338 3538 1364 3602; x_wconf 72' lang='grc' dir='ltr'>ιιι</span> <span class='ocrx_word' id='word_1_480' title='bbox 1383 3522 1526 3589; x_wconf 77' lang='lat' dir='ltr'>liuprartam</span> <span class='ocrx_word' id='word_1_481' title='bbox 1542 3523 1672 3578; x_wconf 78' lang='lat' dir='ltr'>destinata</span> <span class='ocrx_word' id='word_1_482' title='bbox 1687 3538 1747 3591; x_wconf 89' lang='lat' dir='ltr'>est,</span> <span class='ocrx_word' id='word_1_483' title='bbox 1763 3538 1792 3582; x_wconf 91' lang='grc' dir='ltr'>ιιι</span> 
     </span>
     <span class='ocr_line' id='line_1_63' title="bbox 161 3590 1791 3671; baseline 0.002 -24"><span class='ocrx_word' id='word_1_484' title='bbox 161 3591 253 3647; x_wconf 74' lang='lat' dir='ltr'>soom</span> <span class='ocrx_word' id='word_1_485' title='bbox 277 3592 393 3659; x_wconf 85' lang='lat' dir='ltr'>amplius</span> <span class='ocrx_word' id='word_1_486' title='bbox 418 3606 497 3659; x_wconf 91' lang='lat' dir='ltr'>qoam</span> <span class='ocrx_word' id='word_1_487' title='bbox 524 3591 721 3657; x_wconf 84' lang='lat' dir='ltr'>Constantino,</span> <span class='ocrx_word' id='word_1_488' title='bbox 738 3610 871 3663; x_wconf 84' lang='lat' dir='ltr'>tautrqnam</span> <span class='ocrx_word' id='word_1_489' title='bbox 895 3613 958 3650; x_wconf 75' lang='lat' dir='ltr'>uerit</span> <span class='ocrx_word' id='word_1_490' title='bbox 1009 3595 1080 3648; x_wconf 83' lang='lat' dir='ltr'>vetiti</span> <span class='ocrx_word' id='word_1_491' title='bbox 1096 3591 1179 3645; x_wconf 80' lang='lat' dir='ltr'>diuini</span> <span class='ocrx_word' id='word_1_492' title='bbox 1194 3595 1295 3646; x_wconf 82' lang='lat' dir='ltr'>senuna</span> <span class='ocrx_word' id='word_1_493' title='bbox 1309 3590 1627 3671; x_wconf 46' lang='lat' dir='ltr'>tlttsparqcretgslcelatu</span> <span class='ocrx_word' id='word_1_494' title='bbox 1643 3610 1705 3649; x_wconf 80' lang='lat' dir='ltr'>seru</span> <span class='ocrx_word' id='word_1_495' title='bbox 1716 3597 1791 3662; x_wconf 83' lang='lat' dir='ltr'>justa</span> 
     </span>
     <span class='ocr_line' id='line_1_64' title="bbox 156 3659 1793 3732; baseline 0.003 -18"><span class='ocrx_word' id='word_1_496' title='bbox 156 3666 286 3731; x_wconf 74' lang='lat' dir='ltr'>quatuor</span> <span class='ocrx_word' id='word_1_497' title='bbox 309 3659 630 3725; x_wconf 79' lang='lat' dir='ltr'>tribttttntnr.Scrrarins,</span> <span class='ocrx_word' id='word_1_498' title='bbox 647 3662 674 3715; x_wconf 91' lang='lat' dir='ltr'>itt</span> <span class='ocrx_word' id='word_1_499' title='bbox 695 3664 764 3718; x_wconf 90' lang='lat' dir='ltr'>notis</span> <span class='ocrx_word' id='word_1_500' title='bbox 784 3666 817 3717; x_wconf 88' lang='lat' dir='ltr'>ad</span> <span class='ocrx_word' id='word_1_501' title='bbox 837 3669 957 3720; x_wconf 85' lang='lat' dir='ltr'>euandrm</span> <span class='ocrx_word' id='word_1_502' title='bbox 1009 3662 1118 3716; x_wconf 84' lang='lat' dir='ltr'>huvitmt</span> <span class='ocrx_word' id='word_1_503' title='bbox 1127 3660 1195 3714; x_wconf 88' lang='lat' dir='ltr'>hioin</span> <span class='ocrx_word' id='word_1_504' title='bbox 1207 3661 1233 3713; x_wconf 95' lang='lat' dir='ltr'>in</span> <span class='ocrx_word' id='word_1_505' title='bbox 1242 3660 1306 3713; x_wconf 89' lang='lat' dir='ltr'>iocis</span> <span class='ocrx_word' id='word_1_506' title='bbox 1317 3660 1465 3728; x_wconf 79' lang='lat' dir='ltr'>itihbingen</span> <span class='ocrx_word' id='word_1_507' title='bbox 1476 3659 1793 3732; x_wconf 76' lang='lat' dir='ltr'>(itttztngen)c10cltsnn·</span> 
     </span>
     <span class='ocr_line' id='line_1_65' title="bbox 156 3727 1793 3812; baseline 0.001 -25"><span class='ocrx_word' id='word_1_508' title='bbox 156 3728 325 3799; x_wconf 70' lang='lat' dir='ltr'>epistolam,</span> <span class='ocrx_word' id='word_1_509' title='bbox 341 3728 402 3795; x_wconf 77' lang='lat' dir='ltr'>legit</span> <span class='ocrx_word' id='word_1_510' title='bbox 414 3746 422 3782; x_wconf 82' lang='lat' dir='ltr'>a</span> <span class='ocrx_word' id='word_1_511' title='bbox 435 3727 581 3799; x_wconf 83' lang='lat' dir='ltr'>imperante</span> <span class='ocrx_word' id='word_1_512' title='bbox 593 3733 661 3802; x_wconf 79' lang='lat' dir='ltr'>hup.</span> <span class='ocrx_word' id='word_1_513' title='bbox 679 3731 763 3786; x_wconf 82' lang='lat' dir='ltr'>Leone</span> <span class='ocrx_word' id='word_1_514' title='bbox 775 3750 843 3787; x_wconf 89' lang='lat' dir='ltr'>cuno</span> <span class='ocrx_word' id='word_1_515' title='bbox 857 3744 957 3800; x_wconf 84' lang='lat' dir='ltr'>octono,</span> <span class='ocrx_word' id='word_1_516' title='bbox 1009 3733 1073 3786; x_wconf 85' lang='lat' dir='ltr'>itutt</span> <span class='ocrx_word' id='word_1_517' title='bbox 1086 3728 1264 3808; x_wconf 81' lang='lat' dir='ltr'>(tlclrsenlnrt)</span> <span class='ocrx_word' id='word_1_518' title='bbox 1273 3730 1428 3808; x_wconf 71' lang='lat' dir='ltr'>truncupatis</span> <span class='ocrx_word' id='word_1_519' title='bbox 1440 3731 1578 3810; x_wconf 35' lang='lat' dir='ltr'>cnllocati&#39;t</span> <span class='ocrx_word' id='word_1_520' title='bbox 1591 3747 1602 3810; x_wconf 60' lang='grc'>;7</span> <span class='ocrx_word' id='word_1_521' title='bbox 1611 3732 1717 3812; x_wconf 79' lang='lat' dir='ltr'>hibbam</span> <span class='ocrx_word' id='word_1_522' title='bbox 1729 3751 1793 3802; x_wconf 90' lang='lat' dir='ltr'>quo·</span> 
     </span>
     <span class='ocr_line' id='line_1_66' title="bbox 151 3796 1793 3870; baseline 0.004 -19"><span class='ocrx_word' id='word_1_523' title='bbox 151 3796 321 3870; x_wconf 64' lang='lat' dir='ltr'>patriciatus</span> <span class='ocrx_word' id='word_1_524' title='bbox 336 3801 391 3865; x_wconf 79' lang='lat' dir='ltr'>ejus</span> <span class='ocrx_word' id='word_1_525' title='bbox 403 3815 471 3851; x_wconf 89' lang='lat' dir='ltr'>cnno</span> <span class='ocrx_word' id='word_1_526' title='bbox 483 3800 681 3856; x_wconf 84' lang='lat' dir='ltr'>uetuo0.Verum</span> <span class='ocrx_word' id='word_1_527' title='bbox 696 3804 847 3857; x_wconf 85' lang='lat' dir='ltr'>consulatus</span> <span class='ocrx_word' id='word_1_528' title='bbox 860 3819 957 3859; x_wconf 87' lang='lat' dir='ltr'>nornen</span> <span class='ocrx_word' id='word_1_529' title='bbox 1008 3816 1060 3870; x_wconf 90' lang='lat' dir='ltr'>que</span> <span class='ocrx_word' id='word_1_530' title='bbox 1073 3799 1106 3852; x_wconf 89' lang='lat' dir='ltr'>ati</span> <span class='ocrx_word' id='word_1_531' title='bbox 1123 3798 1311 3853; x_wconf 83' lang='lat' dir='ltr'>Brscolesltetm</span> <span class='ocrx_word' id='word_1_532' title='bbox 1322 3796 1366 3867; x_wconf 82' lang='lat' dir='ltr'>(ad</span> <span class='ocrx_word' id='word_1_533' title='bbox 1378 3797 1515 3867; x_wconf 86' lang='lat' dir='ltr'>Tuharun)</span> <span class='ocrx_word' id='word_1_534' title='bbox 1529 3808 1557 3852; x_wconf 89' lang='lat' dir='ltr'>ut</span> <span class='ocrx_word' id='word_1_535' title='bbox 1568 3801 1621 3853; x_wconf 77' lang='lat' dir='ltr'>albo</span> <span class='ocrx_word' id='word_1_536' title='bbox 1632 3805 1793 3858; x_wconf 79' lang='lat' dir='ltr'>multitudini</span> 
     </span>
     <span class='ocr_line' id='line_1_67' title="bbox 150 3868 1796 3987; baseline 0.002 -63"><span class='ocrx_word' id='word_1_537' title='bbox 150 3869 280 3924; x_wconf 68' lang='lat' dir='ltr'>manian</span> <span class='ocrx_word' id='word_1_538' title='bbox 302 3869 488 3932; x_wconf 88' lang='lat' dir='ltr'>retinendum,</span> <span class='ocrx_word' id='word_1_539' title='bbox 509 3868 702 3939; x_wconf 74' lang='lat' dir='ltr'>lepetrdnmquc</span> <span class='ocrx_word' id='word_1_540' title='bbox 722 3887 782 3924; x_wconf 88' lang='lat' dir='ltr'>curu</span> <span class='ocrx_word' id='word_1_541' title='bbox 804 3872 956 3941; x_wconf 84' lang='lat' dir='ltr'>Sirntnndn‚</span> <span class='ocrx_word' id='word_1_542' title='bbox 1008 3870 1139 3938; x_wconf 78' lang='lat' dir='ltr'>virgilium</span> <span class='ocrx_word' id='word_1_543' title='bbox 1162 3875 1493 3987; x_wconf 46' lang='lat' dir='ltr'>conprepataeprasesaet,</span> <span class='ocrx_word' id='word_1_544' title='bbox 1507 3871 1654 3925; x_wconf 88' lang='lat' dir='ltr'>enttstituit.</span> <span class='ocrx_word' id='word_1_545' title='bbox 1672 3871 1744 3939; x_wconf 72' lang='lat' dir='ltr'>Papi,</span> <span class='ocrx_word' id='word_1_546' title='bbox 1759 3873 1796 3928; x_wconf 80' lang='lat' dir='ltr'>ad</span> 
     </span>
     <span class='ocr_line' id='line_1_68' title="bbox 148 3935 1796 4018; baseline 0.003 -25"><span class='ocrx_word' id='word_1_547' title='bbox 148 3944 351 4004; x_wconf 70' lang='lat' dir='ltr'>mouture,</span> <span class='ocrx_word' id='word_1_548' title='bbox 366 3945 422 4006; x_wconf 88' lang='lat' dir='ltr'>post</span> <span class='ocrx_word' id='word_1_549' title='bbox 443 3940 604 3991; x_wconf 84' lang='lat' dir='ltr'>conserlotnm</span> <span class='ocrx_word' id='word_1_550' title='bbox 624 3943 680 4008; x_wconf 75' lang='lat' dir='ltr'>ejus</span> <span class='ocrx_word' id='word_1_551' title='bbox 699 3955 765 3993; x_wconf 87' lang='lat' dir='ltr'>nuno</span> <span class='ocrx_word' id='word_1_552' title='bbox 789 3948 886 3994; x_wconf 83' lang='lat' dir='ltr'>octono.</span> <span class='ocrx_word' id='word_1_553' title='bbox 906 3942 958 3997; x_wconf 84' lang='lat' dir='ltr'>Sed</span> <span class='ocrx_word' id='word_1_554' title='bbox 1009 3937 1037 3991; x_wconf 82' lang='lat' dir='ltr'>it.</span> <span class='ocrx_word' id='word_1_555' title='bbox 1052 3953 1089 3999; x_wconf 65' lang='lat' dir='ltr'>a„</span> <span class='ocrx_word' id='word_1_556' title='bbox 1105 3937 1208 3989; x_wconf 72' lang='lat' dir='ltr'>hum-¹</span> <span class='ocrx_word' id='word_1_557' title='bbox 1272 3949 1288 3987; x_wconf 74' lang='lat' dir='ltr'>e</span> <span class='ocrx_word' id='word_1_558' title='bbox 1312 3935 1390 3988; x_wconf 78' lang='lat' dir='ltr'>traua</span> <span class='ocrx_word' id='word_1_559' title='bbox 1411 3946 1484 4018; x_wconf 74' lang='lat' dir='ltr'>uolat</span> <span class='ocrx_word' id='word_1_560' title='bbox 1507 3937 1577 4004; x_wconf 90' lang='lat' dir='ltr'>qnod</span> <span class='ocrx_word' id='word_1_561' title='bbox 1598 3950 1626 3992; x_wconf 89' lang='lat' dir='ltr'>et</span> <span class='ocrx_word' id='word_1_562' title='bbox 1640 3939 1796 4011; x_wconf 76' lang='lat' dir='ltr'>Leobqytba</span> 
     </span>
     <span class='ocr_line' id='line_1_69' title="bbox 138 4004 1793 4129; baseline 0.004 -70"><span class='ocrx_word' id='word_1_563' title='bbox 138 4007 233 4080; x_wconf 72' lang='lat' dir='ltr'>quia</span> <span class='ocrx_word' id='word_1_564' title='bbox 256 4005 301 4076; x_wconf 93' lang='lat' dir='ltr'>qui</span> <span class='ocrx_word' id='word_1_565' title='bbox 326 4006 496 4062; x_wconf 81' lang='lat' dir='ltr'>decretalium</span> <span class='ocrx_word' id='word_1_566' title='bbox 521 4009 636 4061; x_wconf 83' lang='lat' dir='ltr'>Editioui</span> <span class='ocrx_word' id='word_1_567' title='bbox 661 4011 781 4077; x_wconf 79' lang='lat' dir='ltr'>praeluit,</span> <span class='ocrx_word' id='word_1_568' title='bbox 797 4011 958 4079; x_wconf 77' lang='lat' dir='ltr'>ignorantia</span> <span class='ocrx_word' id='word_1_569' title='bbox 1009 4007 1089 4061; x_wconf 87' lang='lat' dir='ltr'>luerit</span> <span class='ocrx_word' id='word_1_570' title='bbox 1103 4015 1211 4086; x_wconf 75' lang='lat' dir='ltr'>vocata:</span> <span class='ocrx_word' id='word_1_571' title='bbox 1227 4004 1320 4057; x_wconf 92' lang='lat' dir='ltr'>harum</span> <span class='ocrx_word' id='word_1_572' title='bbox 1336 4014 1423 4058; x_wconf 88' lang='lat' dir='ltr'>autern</span> <span class='ocrx_word' id='word_1_573' title='bbox 1435 4007 1618 4129; x_wconf 54' lang='lat' dir='ltr'>rebfllosanun</span> <span class='ocrx_word' id='word_1_574' title='bbox 1634 4006 1793 4065; x_wconf 78' lang='lat' dir='ltr'>sentinarum</span> 
     </span>
     <span class='ocr_line' id='line_1_70' title="bbox 142 4074 1796 4156; baseline 0.006 -26"><span class='ocrx_word' id='word_1_575' title='bbox 142 4087 297 4144; x_wconf 69' lang='lat' dir='ltr'>tempure</span> <span class='ocrx_word' id='word_1_576' title='bbox 309 4075 473 4129; x_wconf 83' lang='lat' dir='ltr'>Constantini</span> <span class='ocrx_word' id='word_1_577' title='bbox 489 4077 614 4145; x_wconf 81' lang='lat' dir='ltr'>Paqorrati</span> <span class='ocrx_word' id='word_1_578' title='bbox 627 4078 799 4146; x_wconf 84' lang='lat' dir='ltr'>imperatores</span> <span class='ocrx_word' id='word_1_579' title='bbox 814 4088 960 4134; x_wconf 87' lang='lat' dir='ltr'>totcousu-</span> <span class='ocrx_word' id='word_1_580' title='bbox 1010 4077 1036 4130; x_wconf 82' lang='lat' dir='ltr'>in</span> <span class='ocrx_word' id='word_1_581' title='bbox 1052 4077 1220 4131; x_wconf 62' lang='lat' dir='ltr'>Germaniam</span> <span class='ocrx_word' id='word_1_582' title='bbox 1242 4074 1382 4127; x_wconf 83' lang='lat' dir='ltr'>adventum</span> <span class='ocrx_word' id='word_1_583' title='bbox 1410 4075 1460 4127; x_wconf 75' lang='lat'><strong>⁵¹¹¹)</strong></span> <span class='ocrx_word' id='word_1_584' title='bbox 1507 4091 1609 4156; x_wconf 60' lang='lat'>“3⁰⁸⁰</span> <span class='ocrx_word' id='word_1_585' title='bbox 1626 4077 1644 4131; x_wconf 89' lang='grc' dir='ltr'>ΙΙ</span> <span class='ocrx_word' id='word_1_586' title='bbox 1661 4094 1712 4132; x_wconf 80' lang='grc'><strong>11011</strong></span> <span class='ocrx_word' id='word_1_587' title='bbox 1734 4090 1796 4136; x_wconf 69' lang='lat' dir='ltr'>este</span> 
     </span>
     <span class='ocr_line' id='line_1_71' title="bbox 139 4142 1795 4218; baseline 0.007 -18"><span class='ocrx_word' id='word_1_588' title='bbox 139 4142 243 4203; x_wconf 76' lang='grc' dir='ltr'>Ιιιιιι</span> <span class='ocrx_word' id='word_1_589' title='bbox 269 4150 334 4210; x_wconf 89' lang='lat' dir='ltr'>quot</span> <span class='ocrx_word' id='word_1_590' title='bbox 356 4143 459 4213; x_wconf 90' lang='lat' dir='ltr'>imperii</span> <span class='ocrx_word' id='word_1_591' title='bbox 481 4161 566 4199; x_wconf 77' lang='lat' dir='ltr'>aturrus</span> <span class='ocrx_word' id='word_1_592' title='bbox 591 4161 769 4210; x_wconf 77' lang='lat' dir='ltr'>ruettrtrrasse,</span> <span class='ocrx_word' id='word_1_593' title='bbox 784 4149 817 4202; x_wconf 90' lang='lat' dir='ltr'>de</span> <span class='ocrx_word' id='word_1_594' title='bbox 831 4150 959 4205; x_wconf 89' lang='lat' dir='ltr'>industria</span> <span class='ocrx_word' id='word_1_595' title='bbox 1009 4145 1198 4208; x_wconf 82' lang='lat' dir='ltr'>statuendum.</span> <span class='ocrx_word' id='word_1_596' title='bbox 1212 4158 1272 4197; x_wconf 92' lang='lat' dir='ltr'>cnm</span> <span class='ocrx_word' id='word_1_597' title='bbox 1287 4158 1319 4196; x_wconf 62' lang='lat'>‘¹</span> <span class='ocrx_word' id='word_1_598' title='bbox 1333 4142 1392 4196; x_wconf 59' lang='lat' dir='ltr'>Vlia</span> <span class='ocrx_word' id='word_1_599' title='bbox 1405 4156 1505 4197; x_wconf 67' lang='lat' dir='ltr'><strong>⁸³¹¹⁰¹ffl</strong></span> <span class='ocrx_word' id='word_1_600' title='bbox 1520 4145 1636 4201; x_wconf 55' lang='grc'><strong>[11011311</strong></span> <span class='ocrx_word' id='word_1_601' title='bbox 1655 4148 1795 4218; x_wconf 61' lang='lat' dir='ltr'>liudolpho</span> 
     </span>
     <span class='ocr_line' id='line_1_72' title="bbox 133 4211 1795 4295; baseline 0.007 -34"><span class='ocrx_word' id='word_1_602' title='bbox 133 4211 340 4274; x_wconf 61' lang='lat' dir='ltr'>Quassulatum</span> <span class='ocrx_word' id='word_1_603' title='bbox 365 4216 551 4280; x_wconf 69' lang='grc' dir='ltr'>Ιιιιιιιιιιιίιῑις</span> <span class='ocrx_word' id='word_1_604' title='bbox 574 4219 627 4270; x_wconf 85' lang='lat' dir='ltr'>imo</span> <span class='ocrx_word' id='word_1_605' title='bbox 654 4231 739 4286; x_wconf 82' lang='lat' dir='ltr'>neque</span> <span class='ocrx_word' id='word_1_606' title='bbox 762 4216 918 4273; x_wconf 73' lang='lat' dir='ltr'>sirmondus</span> <span class='ocrx_word' id='word_1_607' title='bbox 932 4221 960 4275; x_wconf 82' lang='lat' dir='ltr'>in</span> <span class='ocrx_word' id='word_1_608' title='bbox 1010 4216 1140 4268; x_wconf 87' lang='lat' dir='ltr'>rrtottuebo</span> <span class='ocrx_word' id='word_1_609' title='bbox 1164 4213 1290 4267; x_wconf 83' lang='lat' dir='ltr'>Fuidcnsi</span> <span class='ocrx_word' id='word_1_610' title='bbox 1304 4213 1401 4281; x_wconf 86' lang='lat' dir='ltr'>scripta</span> <span class='ocrx_word' id='word_1_611' title='bbox 1417 4223 1531 4295; x_wconf 69' lang='lat' dir='ltr'>constet,</span> <span class='ocrx_word' id='word_1_612' title='bbox 1545 4228 1560 4267; x_wconf 87' lang='lat' dir='ltr'>a</span> <span class='ocrx_word' id='word_1_613' title='bbox 1575 4215 1710 4272; x_wconf 74' lang='lat' dir='ltr'>uortttacto</span> <span class='ocrx_word' id='word_1_614' title='bbox 1732 4222 1795 4272; x_wconf 85' lang='lat' dir='ltr'>mis·</span> 
     </span>
     <span class='ocr_line' id='line_1_73' title="bbox 142 4281 1797 4369; baseline 0.007 -31"><span class='ocrx_word' id='word_1_615' title='bbox 142 4281 220 4349; x_wconf 68' lang='lat' dir='ltr'>boc</span> <span class='ocrx_word' id='word_1_616' title='bbox 237 4293 363 4336; x_wconf 80' lang='grc' dir='ltr'>ιιιιιιιιιι</span> <span class='ocrx_word' id='word_1_617' title='bbox 378 4293 543 4350; x_wconf 88' lang='lat' dir='ltr'>penetrarat,</span> <span class='ocrx_word' id='word_1_618' title='bbox 559 4299 629 4346; x_wconf 86' lang='lat' dir='ltr'>cum,</span> <span class='ocrx_word' id='word_1_619' title='bbox 644 4284 671 4339; x_wconf 92' lang='lat' dir='ltr'>iu</span> <span class='ocrx_word' id='word_1_620' title='bbox 685 4287 753 4341; x_wconf 89' lang='lat' dir='ltr'>rtotis</span> <span class='ocrx_word' id='word_1_621' title='bbox 765 4287 799 4341; x_wconf 89' lang='lat' dir='ltr'>ad</span> <span class='ocrx_word' id='word_1_622' title='bbox 815 4289 959 4344; x_wconf 87' lang='lat' dir='ltr'>indiculum</span> <span class='ocrx_word' id='word_1_623' title='bbox 1010 4298 1068 4339; x_wconf 83' lang='lat' dir='ltr'>suun</span> <span class='ocrx_word' id='word_1_624' title='bbox 1092 4282 1271 4362; x_wconf 78' lang='lat' dir='ltr'>Sturmiuuem</span> <span class='ocrx_word' id='word_1_625' title='bbox 1292 4283 1425 4362; x_wconf 70' lang='lat' dir='ltr'>abbatem,</span> <span class='ocrx_word' id='word_1_626' title='bbox 1441 4298 1485 4353; x_wconf 90' lang='lat' dir='ltr'>qut</span> <span class='ocrx_word' id='word_1_627' title='bbox 1507 4299 1538 4337; x_wconf 78' lang='lat'>0¹</span> <span class='ocrx_word' id='word_1_628' title='bbox 1554 4285 1650 4355; x_wconf 66' lang='grc'><strong>11118111</strong></span> <span class='ocrx_word' id='word_1_629' title='bbox 1667 4287 1797 4369; x_wconf 64' lang='lat' dir='ltr'>modiales</span> 
     </span>
     <span class='ocr_line' id='line_1_74' title="bbox 139 4350 1798 4420; baseline 0.004 -14"><span class='ocrx_word' id='word_1_630' title='bbox 139 4351 340 4412; x_wconf 73' lang='lat' dir='ltr'>sacramenti</span> <span class='ocrx_word' id='word_1_631' title='bbox 359 4365 373 4404; x_wconf 91' lang='lat' dir='ltr'>a</span> <span class='ocrx_word' id='word_1_632' title='bbox 390 4351 523 4408; x_wconf 86' lang='lat' dir='ltr'>Botrilocio</span> <span class='ocrx_word' id='word_1_633' title='bbox 540 4356 630 4407; x_wconf 78' lang='lat' dir='ltr'>llomas</span> <span class='ocrx_word' id='word_1_634' title='bbox 644 4356 726 4419; x_wconf 87' lang='lat' dir='ltr'>etlitl,</span> <span class='ocrx_word' id='word_1_635' title='bbox 743 4357 776 4410; x_wconf 92' lang='lat' dir='ltr'>de</span> <span class='ocrx_word' id='word_1_636' title='bbox 791 4357 887 4411; x_wconf 76' lang='lat' dir='ltr'>henniis</span> <span class='ocrx_word' id='word_1_637' title='bbox 903 4360 958 4411; x_wconf 91' lang='lat' dir='ltr'>im·</span> <span class='ocrx_word' id='word_1_638' title='bbox 1011 4364 1038 4408; x_wconf 89' lang='lat' dir='ltr'>et</span> <span class='ocrx_word' id='word_1_639' title='bbox 1050 4353 1159 4407; x_wconf 81' lang='lat' dir='ltr'>ancillas</span> <span class='ocrx_word' id='word_1_640' title='bbox 1173 4350 1220 4405; x_wconf 85' lang='lat' dir='ltr'>bet</span> <span class='ocrx_word' id='word_1_641' title='bbox 1237 4367 1262 4405; x_wconf 94' lang='lat' dir='ltr'>m</span> <span class='ocrx_word' id='word_1_642' title='bbox 1276 4351 1444 4406; x_wconf 85' lang='lat' dir='ltr'>Gertuamam</span> <span class='ocrx_word' id='word_1_643' title='bbox 1458 4363 1600 4420; x_wconf 86' lang='lat' dir='ltr'>evocaret;</span> <span class='ocrx_word' id='word_1_644' title='bbox 1617 4356 1735 4412; x_wconf 87' lang='lat' dir='ltr'>Sturmto</span> <span class='ocrx_word' id='word_1_645' title='bbox 1749 4373 1798 4413; x_wconf 88' lang='lat' dir='ltr'>au·</span> 
     </span>
     <span class='ocr_line' id='line_1_75' title="bbox 137 4410 1795 4502; baseline 0.01 -36"><span class='ocrx_word' id='word_1_646' title='bbox 137 4422 248 4493; x_wconf 48' lang='lat' dir='ltr'>werin</span> <span class='ocrx_word' id='word_1_647' title='bbox 259 4430 287 4473; x_wconf 80' lang='lat' dir='ltr'>er</span> <span class='ocrx_word' id='word_1_648' title='bbox 297 4421 435 4474; x_wconf 79' lang='lat' dir='ltr'>consulatu</span> <span class='ocrx_word' id='word_1_649' title='bbox 446 4424 545 4477; x_wconf 74' lang='lat' dir='ltr'>scribat</span> <span class='ocrx_word' id='word_1_650' title='bbox 556 4440 562 4475; x_wconf 90' lang='lat'>:</span> <span class='ocrx_word' id='word_1_651' title='bbox 575 4421 743 4478; x_wconf 70' lang='lat' dir='ltr'>Lenlmunn</span> <span class='ocrx_word' id='word_1_652' title='bbox 754 4427 956 4495; x_wconf 63' lang='lat' dir='ltr'>impersonatam</span> <span class='ocrx_word' id='word_1_653' title='bbox 972 4410 998 4471; x_wconf 78' lang='lat' dir='ltr'><strong>D</strong></span> <span class='ocrx_word' id='word_1_654' title='bbox 1011 4433 1074 4488; x_wconf 87' lang='lat' dir='ltr'>tem,</span> <span class='ocrx_word' id='word_1_655' title='bbox 1090 4435 1159 4474; x_wconf 89' lang='lat' dir='ltr'>anno</span> <span class='ocrx_word' id='word_1_656' title='bbox 1170 4421 1275 4474; x_wconf 89' lang='lat' dir='ltr'>demum</span> <span class='ocrx_word' id='word_1_657' title='bbox 1290 4419 1353 4486; x_wconf 80' lang='lat' dir='ltr'>tlt,</span> <span class='ocrx_word' id='word_1_658' title='bbox 1365 4423 1446 4475; x_wconf 80' lang='lat' dir='ltr'>abitas</span> <span class='ocrx_word' id='word_1_659' title='bbox 1461 4422 1596 4502; x_wconf 70' lang='lat' dir='ltr'>Fuldensiu</span> <span class='ocrx_word' id='word_1_660' title='bbox 1607 4426 1694 4481; x_wconf 89' lang='lat' dir='ltr'>dictus</span> <span class='ocrx_word' id='word_1_661' title='bbox 1705 4425 1795 4483; x_wconf 88' lang='lat' dir='ltr'>luerit.</span> 
     </span>
     <span class='ocr_line' id='line_1_76' title="bbox 142 4487 1798 4563; baseline 0.003 -19"><span class='ocrx_word' id='word_1_662' title='bbox 142 4503 212 4548; x_wconf 69' lang='lat' dir='ltr'>vast</span> <span class='ocrx_word' id='word_1_663' title='bbox 239 4487 372 4543; x_wconf 80' lang='lat' dir='ltr'>liniendos</span> <span class='ocrx_word' id='word_1_664' title='bbox 393 4491 488 4558; x_wconf 80' lang='lat' dir='ltr'>aprlttr</span> <span class='ocrx_word' id='word_1_665' title='bbox 501 4503 523 4544; x_wconf 89' lang='lat' dir='ltr'>et</span> <span class='ocrx_word' id='word_1_666' title='bbox 539 4507 608 4556; x_wconf 82' lang='lat' dir='ltr'>anca,</span> <span class='ocrx_word' id='word_1_667' title='bbox 624 4504 650 4545; x_wconf 91' lang='grc' dir='ltr'>ιιι</span> <span class='ocrx_word' id='word_1_668' title='bbox 671 4496 818 4558; x_wconf 72' lang='lat' dir='ltr'>contimtum</span> <span class='ocrx_word' id='word_1_669' title='bbox 832 4507 879 4560; x_wconf 86' lang='lat' dir='ltr'>eat,</span> <span class='ocrx_word' id='word_1_670' title='bbox 894 4512 955 4551; x_wconf 88' lang='lat' dir='ltr'>con·</span> <span class='ocrx_word' id='word_1_671' title='bbox 1009 4493 1167 4560; x_wconf 75' lang='lat' dir='ltr'>obloquitur</span> <span class='ocrx_word' id='word_1_672' title='bbox 1180 4504 1244 4545; x_wconf 86' lang='lat' dir='ltr'>reru</span> <span class='ocrx_word' id='word_1_673' title='bbox 1267 4490 1411 4556; x_wconf 70' lang='lat' dir='ltr'>bocardus,</span> <span class='ocrx_word' id='word_1_674' title='bbox 1428 4494 1445 4543; x_wconf 84' lang='lat' dir='ltr'>l.</span> <span class='ocrx_word' id='word_1_675' title='bbox 1460 4509 1495 4553; x_wconf 82' lang='grc' dir='ltr'>ι..</span> <span class='ocrx_word' id='word_1_676' title='bbox 1513 4508 1539 4560; x_wconf 82' lang='grc' dir='ltr'>ι.</span> <span class='ocrx_word' id='word_1_677' title='bbox 1555 4492 1618 4559; x_wconf 74' lang='lat'>358,</span> <span class='ocrx_word' id='word_1_678' title='bbox 1632 4503 1660 4549; x_wconf 89' lang='lat' dir='ltr'>et</span> <span class='ocrx_word' id='word_1_679' title='bbox 1673 4511 1719 4549; x_wconf 89' lang='lat' dir='ltr'>sua</span> <span class='ocrx_word' id='word_1_680' title='bbox 1734 4511 1798 4563; x_wconf 92' lang='lat' dir='ltr'>per-</span> 
     </span>
    </p>
   </div>
   <div class='ocr_carea' id='block_1_13' title="bbox 143 4559 959 5672">
    <p class='ocr_par' dir='ltr' id='par_1_13' title="bbox 143 4559 959 5672">
     <span class='ocr_line' id='line_1_77' title="bbox 143 4559 957 4625; baseline 0.01 -12"><span class='ocrx_word' id='word_1_681' title='bbox 143 4563 285 4616; x_wconf 70' lang='lat' dir='ltr'>sumum</span> <span class='ocrx_word' id='word_1_682' title='bbox 304 4560 427 4625; x_wconf 76' lang='lat' dir='ltr'>proximis</span> <span class='ocrx_word' id='word_1_683' title='bbox 450 4559 573 4615; x_wconf 82' lang='lat' dir='ltr'>Kalendis</span> <span class='ocrx_word' id='word_1_684' title='bbox 595 4578 663 4615; x_wconf 82' lang='lat' dir='ltr'>urano</span> <span class='ocrx_word' id='word_1_685' title='bbox 682 4562 776 4617; x_wconf 82' lang='lat' dir='ltr'>Christi</span> <span class='ocrx_word' id='word_1_686' title='bbox 791 4565 853 4617; x_wconf 80' lang='lat' dir='ltr'>tlt.</span> <span class='ocrx_word' id='word_1_687' title='bbox 871 4567 897 4620; x_wconf 92' lang='lat' dir='ltr'>ln</span> <span class='ocrx_word' id='word_1_688' title='bbox 911 4581 957 4620; x_wconf 89' lang='lat' dir='ltr'>eo·</span> 
     </span>
     <span class='ocr_line' id='line_1_78' title="bbox 147 4627 957 4702; baseline 0.007 -18"><span class='ocrx_word' id='word_1_689' title='bbox 147 4631 230 4685; x_wconf 65' lang='lat' dir='ltr'>dem</span> <span class='ocrx_word' id='word_1_690' title='bbox 244 4629 383 4683; x_wconf 88' lang='lat' dir='ltr'>consulatu</span> <span class='ocrx_word' id='word_1_691' title='bbox 396 4627 599 4685; x_wconf 75' lang='lat' dir='ltr'>beositCointius</span> <span class='ocrx_word' id='word_1_692' title='bbox 612 4632 629 4684; x_wconf 92' lang='grc' dir='ltr'>Ι.</span> <span class='ocrx_word' id='word_1_693' title='bbox 643 4647 679 4696; x_wconf 90' lang='grc' dir='ltr'>ι.,</span> <span class='ocrx_word' id='word_1_694' title='bbox 693 4649 719 4685; x_wconf 89' lang='lat' dir='ltr'>n.</span> <span class='ocrx_word' id='word_1_695' title='bbox 734 4633 780 4695; x_wconf 76' lang='grc' dir='ltr'>ιιι),</span> <span class='ocrx_word' id='word_1_696' title='bbox 792 4646 818 4687; x_wconf 88' lang='grc' dir='ltr'>ιι</span> <span class='ocrx_word' id='word_1_697' title='bbox 828 4645 957 4702; x_wconf 75' lang='lat' dir='ltr'>praterea</span> 
     </span>
     <span class='ocr_line' id='line_1_79' title="bbox 157 4697 957 4765; baseline 0.011 -14"><span class='ocrx_word' id='word_1_698' title='bbox 157 4710 272 4753; x_wconf 74' lang='lat' dir='ltr'>annum</span> <span class='ocrx_word' id='word_1_699' title='bbox 297 4697 450 4765; x_wconf 86' lang='lat' dir='ltr'>patriciatus</span> <span class='ocrx_word' id='word_1_700' title='bbox 470 4714 530 4753; x_wconf 90' lang='lat' dir='ltr'>curn</span> <span class='ocrx_word' id='word_1_701' title='bbox 543 4699 665 4754; x_wconf 77' lang='lat' dir='ltr'>Sutrarin</span> <span class='ocrx_word' id='word_1_702' title='bbox 685 4704 764 4756; x_wconf 89' lang='lat' dir='ltr'>etiam</span> <span class='ocrx_word' id='word_1_703' title='bbox 792 4705 957 4760; x_wconf 83' lang='lat' dir='ltr'>retinendum</span> 
     </span>
     <span class='ocr_line' id='line_1_80' title="bbox 159 4766 958 4842; baseline 0.008 -19"><span class='ocrx_word' id='word_1_704' title='bbox 159 4768 293 4835; x_wconf 85' lang='lat' dir='ltr'>putauit.</span> <span class='ocrx_word' id='word_1_705' title='bbox 310 4766 407 4822; x_wconf 87' lang='lat' dir='ltr'>ilerum</span> <span class='ocrx_word' id='word_1_706' title='bbox 420 4768 593 4836; x_wconf 88' lang='lat' dir='ltr'>imperatores</span> <span class='ocrx_word' id='word_1_707' title='bbox 606 4783 621 4823; x_wconf 92' lang='lat' dir='ltr'>a</span> <span class='ocrx_word' id='word_1_708' title='bbox 635 4769 809 4828; x_wconf 87' lang='lat' dir='ltr'>Constantino</span> <span class='ocrx_word' id='word_1_709' title='bbox 823 4773 958 4842; x_wconf 78' lang='lat' dir='ltr'>t&#39;oqnnato</span> 
     </span>
     <span class='ocr_line' id='line_1_81' title="bbox 160 4835 957 4910; baseline 0.01 -19"><span class='ocrx_word' id='word_1_710' title='bbox 160 4838 266 4892; x_wconf 79' lang='lat' dir='ltr'>sudem</span> <span class='ocrx_word' id='word_1_711' title='bbox 288 4835 331 4903; x_wconf 84' lang='lat' dir='ltr'>die</span> <span class='ocrx_word' id='word_1_712' title='bbox 353 4844 381 4891; x_wconf 90' lang='lat' dir='ltr'>et</span> <span class='ocrx_word' id='word_1_713' title='bbox 402 4836 540 4906; x_wconf 85' lang='lat' dir='ltr'>imperium</span> <span class='ocrx_word' id='word_1_714' title='bbox 565 4848 592 4892; x_wconf 85' lang='grc' dir='ltr'>ιι</span> <span class='ocrx_word' id='word_1_715' title='bbox 615 4841 780 4895; x_wconf 89' lang='lat' dir='ltr'>consulatum</span> <span class='ocrx_word' id='word_1_716' title='bbox 803 4857 908 4910; x_wconf 82' lang='lat' dir='ltr'>cepere,</span> <span class='ocrx_word' id='word_1_717' title='bbox 924 4858 957 4899; x_wconf 89' lang='lat' dir='ltr'>co</span> 
     </span>
     <span class='ocr_line' id='line_1_82' title="bbox 166 4906 956 4980; baseline 0.011 -20"><span class='ocrx_word' id='word_1_718' title='bbox 166 4906 375 4975; x_wconf 79' lang='lat' dir='ltr'>pmrsosruodo</span> <span class='ocrx_word' id='word_1_719' title='bbox 388 4920 442 4974; x_wconf 92' lang='lat' dir='ltr'>quo</span> <span class='ocrx_word' id='word_1_720' title='bbox 456 4909 553 4962; x_wconf 77' lang='lat' dir='ltr'>veteris</span> <span class='ocrx_word' id='word_1_721' title='bbox 573 4907 664 4961; x_wconf 84' lang='lat' dir='ltr'>bomne</span> <span class='ocrx_word' id='word_1_722' title='bbox 687 4911 859 4980; x_wconf 87' lang='lat' dir='ltr'>imperatores</span> <span class='ocrx_word' id='word_1_723' title='bbox 875 4915 956 4968; x_wconf 84' lang='lat' dir='ltr'>tribu·</span> 
     </span>
     <span class='ocr_line' id='line_1_83' title="bbox 169 4976 956 5047; baseline 0.014 -21"><span class='ocrx_word' id='word_1_724' title='bbox 169 4976 265 5030; x_wconf 85' lang='lat' dir='ltr'>titiam</span> <span class='ocrx_word' id='word_1_725' title='bbox 279 4983 439 5042; x_wconf 89' lang='lat' dir='ltr'>potestatem</span> <span class='ocrx_word' id='word_1_726' title='bbox 454 4990 514 5031; x_wconf 92' lang='lat' dir='ltr'>cum</span> <span class='ocrx_word' id='word_1_727' title='bbox 535 4978 646 5047; x_wconf 90' lang='lat' dir='ltr'>imperio</span> <span class='ocrx_word' id='word_1_728' title='bbox 659 4979 769 5036; x_wconf 87' lang='lat' dir='ltr'>inibant.</span> <span class='ocrx_word' id='word_1_729' title='bbox 784 4981 849 5038; x_wconf 77' lang='lat' dir='ltr'>Prot</span> <span class='ocrx_word' id='word_1_730' title='bbox 862 4981 899 5036; x_wconf 90' lang='lat' dir='ltr'>ud</span> <span class='ocrx_word' id='word_1_731' title='bbox 911 4998 956 5037; x_wconf 86' lang='lat' dir='ltr'>mr.</span> 
     </span>
     <span class='ocr_line' id='line_1_84' title="bbox 170 5042 957 5125; baseline 0.015 -29"><span class='ocrx_word' id='word_1_732' title='bbox 170 5042 233 5108; x_wconf 62' lang='lat' dir='ltr'>ish,</span> <span class='ocrx_word' id='word_1_733' title='bbox 251 5057 279 5097; x_wconf 92' lang='lat' dir='ltr'>n.</span> <span class='ocrx_word' id='word_1_734' title='bbox 301 5043 329 5098; x_wconf 82' lang='lat' dir='ltr'>l.</span> <span class='ocrx_word' id='word_1_735' title='bbox 347 5043 497 5100; x_wconf 80' lang='lat' dir='ltr'>Proedicaus</span> <span class='ocrx_word' id='word_1_736' title='bbox 517 5062 580 5117; x_wconf 80' lang='lat' dir='ltr'>erqo</span> <span class='ocrx_word' id='word_1_737' title='bbox 603 5056 630 5101; x_wconf 93' lang='lat' dir='ltr'>et</span> <span class='ocrx_word' id='word_1_738' title='bbox 651 5048 786 5118; x_wconf 83' lang='lat' dir='ltr'>baptizans</span> <span class='ocrx_word' id='word_1_739' title='bbox 800 5050 838 5125; x_wconf 83' lang='lat' dir='ltr'>[a.</span> <span class='ocrx_word' id='word_1_740' title='bbox 852 5051 957 5124; x_wconf 57' lang='lat' dir='ltr'>ousta]</span> 
     </span>
     <span class='ocr_line' id='line_1_85' title="bbox 171 5110 953 5190; baseline 0.009 -21"><span class='ocrx_word' id='word_1_741' title='bbox 171 5110 325 5169; x_wconf 84' lang='lat' dir='ltr'>llotriiacius</span> <span class='ocrx_word' id='word_1_742' title='bbox 340 5117 365 5167; x_wconf 94' lang='lat' dir='ltr'>in</span> <span class='ocrx_word' id='word_1_743' title='bbox 380 5113 576 5186; x_wconf 75' lang='lat' dir='ltr'>‘tbnnnqomm</span> <span class='ocrx_word' id='word_1_744' title='bbox 587 5125 615 5172; x_wconf 90' lang='lat' dir='ltr'>et</span> <span class='ocrx_word' id='word_1_745' title='bbox 628 5116 771 5176; x_wconf 83' lang='lat' dir='ltr'>bessorum</span> <span class='ocrx_word' id='word_1_746' title='bbox 792 5122 953 5190; x_wconf 77' lang='lat' dir='ltr'>regionibus,</span> 
     </span>
     <span class='ocr_line' id='line_1_86' title="bbox 173 5185 954 5258; baseline 0.017 -23"><span class='ocrx_word' id='word_1_747' title='bbox 173 5196 288 5238; x_wconf 80' lang='lat' dir='ltr'>messam</span> <span class='ocrx_word' id='word_1_748' title='bbox 314 5185 449 5252; x_wconf 82' lang='lat' dir='ltr'>perspexit</span> <span class='ocrx_word' id='word_1_749' title='bbox 475 5187 581 5254; x_wconf 90' lang='lat' dir='ltr'>quidem</span> <span class='ocrx_word' id='word_1_750' title='bbox 605 5194 760 5254; x_wconf 83' lang='lat' dir='ltr'>copiosam,</span> <span class='ocrx_word' id='word_1_751' title='bbox 782 5195 829 5245; x_wconf 87' lang='lat' dir='ltr'>sed</span> <span class='ocrx_word' id='word_1_752' title='bbox 857 5205 954 5258; x_wconf 81' lang='lat' dir='ltr'>paucos</span> 
     </span>
     <span class='ocr_line' id='line_1_87' title="bbox 172 5251 954 5327; baseline 0.012 -22"><span class='ocrx_word' id='word_1_753' title='bbox 172 5251 320 5320; x_wconf 84' lang='lat' dir='ltr'>operarios,</span> <span class='ocrx_word' id='word_1_754' title='bbox 335 5255 380 5322; x_wconf 93' lang='lat' dir='ltr'>qui</span> <span class='ocrx_word' id='word_1_755' title='bbox 404 5254 529 5322; x_wconf 89' lang='lat' dir='ltr'>populum</span> <span class='ocrx_word' id='word_1_756' title='bbox 552 5254 578 5310; x_wconf 93' lang='lat' dir='ltr'>in</span> <span class='ocrx_word' id='word_1_757' title='bbox 601 5256 653 5311; x_wconf 85' lang='lat' dir='ltr'>lide</span> <span class='ocrx_word' id='word_1_758' title='bbox 672 5256 891 5316; x_wconf 84' lang='lat' dir='ltr'>instrttursutriu</span> <span class='ocrx_word' id='word_1_759' title='bbox 906 5275 954 5327; x_wconf 89' lang='lat' dir='ltr'>pa·</span> 
     </span>
     <span class='ocr_line' id='line_1_88' title="bbox 173 5320 959 5399; baseline 0.015 -26"><span class='ocrx_word' id='word_1_760' title='bbox 173 5320 251 5374; x_wconf 85' lang='lat' dir='ltr'>triam</span> <span class='ocrx_word' id='word_1_761' title='bbox 267 5322 337 5377; x_wconf 87' lang='lat' dir='ltr'>misit</span> <span class='ocrx_word' id='word_1_762' title='bbox 350 5330 377 5376; x_wconf 90' lang='grc' dir='ltr'>ιι</span> <span class='ocrx_word' id='word_1_763' title='bbox 394 5323 488 5377; x_wconf 80' lang='lat' dir='ltr'>exindo</span> <span class='ocrx_word' id='word_1_764' title='bbox 510 5326 648 5395; x_wconf 74' lang='lat' dir='ltr'>religiosas</span> <span class='ocrx_word' id='word_1_765' title='bbox 668 5328 779 5383; x_wconf 82' lang='lat' dir='ltr'>letrtinas</span> <span class='ocrx_word' id='word_1_766' title='bbox 793 5332 917 5399; x_wconf 82' lang='lat' dir='ltr'>uirosque</span> <span class='ocrx_word' id='word_1_767' title='bbox 930 5339 959 5385; x_wconf 90' lang='lat' dir='ltr'>et</span> 
     </span>
     <span class='ocr_line' id='line_1_89' title="bbox 173 5391 956 5465; baseline 0.015 -24"><span class='ocrx_word' id='word_1_768' title='bbox 173 5391 271 5446; x_wconf 73' lang='lat' dir='ltr'>uirtute</span> <span class='ocrx_word' id='word_1_769' title='bbox 289 5400 316 5446; x_wconf 88' lang='grc' dir='ltr'>ιι</span> <span class='ocrx_word' id='word_1_770' title='bbox 329 5392 449 5447; x_wconf 84' lang='lat' dir='ltr'>doctriua</span> <span class='ocrx_word' id='word_1_771' title='bbox 472 5408 629 5463; x_wconf 80' lang='lat' dir='ltr'>conspicuus</span> <span class='ocrx_word' id='word_1_772' title='bbox 649 5398 738 5465; x_wconf 88' lang='lat' dir='ltr'>plures</span> <span class='ocrx_word' id='word_1_773' title='bbox 761 5400 852 5454; x_wconf 78' lang='lat' dir='ltr'>vestire</span> <span class='ocrx_word' id='word_1_774' title='bbox 875 5402 956 5465; x_wconf 86' lang='lat' dir='ltr'>lecit,</span> 
     </span>
     <span class='ocr_line' id='line_1_90' title="bbox 171 5460 959 5528; baseline 0.015 -16"><span class='ocrx_word' id='word_1_775' title='bbox 171 5461 267 5528; x_wconf 85' lang='lat' dir='ltr'>suique</span> <span class='ocrx_word' id='word_1_776' title='bbox 282 5460 379 5517; x_wconf 90' lang='lat' dir='ltr'>laboris</span> <span class='ocrx_word' id='word_1_777' title='bbox 393 5462 461 5516; x_wconf 86' lang='lat' dir='ltr'>sacri</span> <span class='ocrx_word' id='word_1_778' title='bbox 486 5480 554 5519; x_wconf 85' lang='lat' dir='ltr'>onus</span> <span class='ocrx_word' id='word_1_779' title='bbox 574 5467 642 5520; x_wconf 90' lang='lat' dir='ltr'>inter</span> <span class='ocrx_word' id='word_1_780' title='bbox 660 5482 708 5521; x_wconf 86' lang='lat' dir='ltr'>eos</span> <span class='ocrx_word' id='word_1_781' title='bbox 727 5467 827 5523; x_wconf 87' lang='lat' dir='ltr'>tliuisit.</span> <span class='ocrx_word' id='word_1_782' title='bbox 839 5497 874 5510; x_wconf 87' lang='lat'>-</span> <span class='ocrx_word' id='word_1_783' title='bbox 888 5467 959 5526; x_wconf 87' lang='lat' dir='ltr'>luter</span> 
     </span>
     <span class='ocr_line' id='line_1_91' title="bbox 172 5527 958 5608; baseline 0.014 -25"><span class='ocrx_word' id='word_1_784' title='bbox 172 5529 232 5595; x_wconf 84' lang='lat' dir='ltr'>hos,</span> <span class='ocrx_word' id='word_1_785' title='bbox 246 5527 373 5598; x_wconf 81' lang='lat' dir='ltr'>lltblono,</span> <span class='ocrx_word' id='word_1_786' title='bbox 391 5531 426 5586; x_wconf 91' lang='lat' dir='ltr'>bb</span> <span class='ocrx_word' id='word_1_787' title='bbox 438 5547 457 5597; x_wconf 88' lang='lat' dir='ltr'>t,</span> <span class='ocrx_word' id='word_1_788' title='bbox 473 5547 497 5591; x_wconf 89' lang='lat' dir='ltr'>c.</span> <span class='ocrx_word' id='word_1_789' title='bbox 514 5531 559 5599; x_wconf 75' lang='lat' dir='ltr'>ud,</span> <span class='ocrx_word' id='word_1_790' title='bbox 575 5536 725 5601; x_wconf 79' lang='lat' dir='ltr'>relerente,</span> <span class='ocrx_word' id='word_1_791' title='bbox 739 5547 816 5592; x_wconf 88' lang='lat' dir='ltr'>erant</span> <span class='ocrx_word' id='word_1_792' title='bbox 849 5540 958 5608; x_wconf 81' lang='lat' dir='ltr'>roctput</span> 
     </span>
     <span class='ocr_line' id='line_1_92' title="bbox 172 5595 954 5672; baseline 0.017 -21"><span class='ocrx_word' id='word_1_793' title='bbox 172 5598 218 5654; x_wconf 77' lang='lat' dir='ltr'>stri</span> <span class='ocrx_word' id='word_1_794' title='bbox 245 5595 415 5658; x_wconf 85' lang='lat' dir='ltr'>borchardus</span> <span class='ocrx_word' id='word_1_795' title='bbox 438 5612 463 5657; x_wconf 91' lang='lat' dir='ltr'>et</span> <span class='ocrx_word' id='word_1_796' title='bbox 477 5602 578 5672; x_wconf 81' lang='lat' dir='ltr'>buttes,</span> <span class='ocrx_word' id='word_1_797' title='bbox 595 5603 723 5660; x_wconf 75' lang='lat' dir='ltr'>willibalt</span> <span class='ocrx_word' id='word_1_798' title='bbox 747 5618 774 5665; x_wconf 88' lang='grc' dir='ltr'>ιι</span> <span class='ocrx_word' id='word_1_799' title='bbox 837 5608 954 5664; x_wconf 82' lang='lat' dir='ltr'>nutribatt</span> 
     </span>
    </p>
   </div>
   <div class='ocr_carea' id='block_1_14' title="bbox 1009 4559 1800 5530">
    <p class='ocr_par' dir='ltr' id='par_1_14' title="bbox 1009 4559 1796 5182">
     <span class='ocr_line' id='line_1_93' title="bbox 1010 4559 1796 4625; baseline 0.006 -11"><span class='ocrx_word' id='word_1_800' title='bbox 1010 4569 1099 4615; x_wconf 84' lang='grc' dir='ltr'>ιιιιιιιι</span> <span class='ocrx_word' id='word_1_801' title='bbox 1126 4560 1152 4613; x_wconf 92' lang='lat' dir='ltr'>iu</span> <span class='ocrx_word' id='word_1_802' title='bbox 1177 4563 1319 4625; x_wconf 88' lang='lat' dir='ltr'>sententia,</span> <span class='ocrx_word' id='word_1_803' title='bbox 1333 4559 1400 4614; x_wconf 89' lang='lat' dir='ltr'>banc</span> <span class='ocrx_word' id='word_1_804' title='bbox 1414 4564 1593 4616; x_wconf 73' lang='lat' dir='ltr'>evocationem</span> <span class='ocrx_word' id='word_1_805' title='bbox 1616 4564 1710 4618; x_wconf 84' lang='lat' dir='ltr'>luctam</span> <span class='ocrx_word' id='word_1_806' title='bbox 1725 4580 1796 4618; x_wconf 74' lang='lat' dir='ltr'>:tuno</span> 
     </span>
     <span class='ocr_line' id='line_1_94' title="bbox 1010 4628 1795 4700; baseline 0.006 -17"><span class='ocrx_word' id='word_1_807' title='bbox 1010 4631 1073 4685; x_wconf 75' lang='lat'>725.</span> <span class='ocrx_word' id='word_1_808' title='bbox 1089 4629 1205 4683; x_wconf 79' lang='lat' dir='ltr'>Favebat</span> <span class='ocrx_word' id='word_1_809' title='bbox 1218 4639 1309 4685; x_wconf 90' lang='lat' dir='ltr'>autem</span> <span class='ocrx_word' id='word_1_810' title='bbox 1323 4628 1458 4684; x_wconf 79' lang='lat' dir='ltr'>hotrilacin</span> <span class='ocrx_word' id='word_1_811' title='bbox 1469 4632 1495 4685; x_wconf 93' lang='lat' dir='ltr'>in</span> <span class='ocrx_word' id='word_1_812' title='bbox 1509 4631 1651 4700; x_wconf 77' lang='lat' dir='ltr'>Evangelio</span> <span class='ocrx_word' id='word_1_813' title='bbox 1664 4632 1795 4688; x_wconf 87' lang='lat' dir='ltr'>laboranti</span> 
     </span>
     <span class='ocr_line' id='line_1_95' title="bbox 1010 4699 1794 4769; baseline 0.005 -17"><span class='ocrx_word' id='word_1_814' title='bbox 1010 4699 1098 4753; x_wconf 86' lang='lat' dir='ltr'>omnis</span> <span class='ocrx_word' id='word_1_815' title='bbox 1113 4699 1230 4753; x_wconf 82' lang='lat' dir='ltr'>Ecclesia</span> <span class='ocrx_word' id='word_1_816' title='bbox 1242 4699 1398 4768; x_wconf 78' lang='lat' dir='ltr'>httqiieana,</span> <span class='ocrx_word' id='word_1_817' title='bbox 1414 4700 1473 4753; x_wconf 85' lang='lat' dir='ltr'>allis</span> <span class='ocrx_word' id='word_1_818' title='bbox 1492 4713 1522 4752; x_wconf 89' lang='lat' dir='ltr'>se</span> <span class='ocrx_word' id='word_1_819' title='bbox 1537 4700 1608 4768; x_wconf 87' lang='lat' dir='ltr'>ipsos</span> <span class='ocrx_word' id='word_1_820' title='bbox 1623 4699 1649 4754; x_wconf 89' lang='lat' dir='ltr'>in</span> <span class='ocrx_word' id='word_1_821' title='bbox 1661 4714 1728 4769; x_wconf 88' lang='lat' dir='ltr'>opus</span> <span class='ocrx_word' id='word_1_822' title='bbox 1743 4705 1794 4756; x_wconf 90' lang='lat' dir='ltr'>mi·</span> 
     </span>
     <span class='ocr_line' id='line_1_96' title="bbox 1011 4768 1795 4838; baseline 0.005 -16"><span class='ocrx_word' id='word_1_823' title='bbox 1011 4768 1113 4823; x_wconf 84' lang='lat' dir='ltr'>tristerii</span> <span class='ocrx_word' id='word_1_824' title='bbox 1128 4769 1330 4830; x_wconf 80' lang='lat' dir='ltr'>exhibentibus,</span> <span class='ocrx_word' id='word_1_825' title='bbox 1345 4768 1405 4822; x_wconf 88' lang='lat' dir='ltr'>aliis</span> <span class='ocrx_word' id='word_1_826' title='bbox 1420 4773 1554 4838; x_wconf 88' lang='lat' dir='ltr'>(utsupra</span> <span class='ocrx_word' id='word_1_827' title='bbox 1569 4769 1693 4838; x_wconf 74' lang='lat' dir='ltr'>uidimus)</span> <span class='ocrx_word' id='word_1_828' title='bbox 1708 4770 1795 4837; x_wconf 89' lang='lat' dir='ltr'>libris,</span> 
     </span>
     <span class='ocr_line' id='line_1_97' title="bbox 1011 4836 1794 4908; baseline 0.008 -19"><span class='ocrx_word' id='word_1_829' title='bbox 1011 4839 1123 4903; x_wconf 89' lang='lat' dir='ltr'>aliisque</span> <span class='ocrx_word' id='word_1_830' title='bbox 1147 4839 1300 4893; x_wconf 89' lang='lat' dir='ltr'>muneribus</span> <span class='ocrx_word' id='word_1_831' title='bbox 1325 4839 1447 4890; x_wconf 89' lang='lat' dir='ltr'>cumdem</span> <span class='ocrx_word' id='word_1_832' title='bbox 1471 4836 1677 4903; x_wconf 77' lang='lat' dir='ltr'>abjurantibus,</span> <span class='ocrx_word' id='word_1_833' title='bbox 1699 4852 1794 4908; x_wconf 83' lang='lat' dir='ltr'>preces</span> 
     </span>
     <span class='ocr_line' id='line_1_98' title="bbox 1010 4904 1792 4974; baseline 0.008 -15"><span class='ocrx_word' id='word_1_834' title='bbox 1010 4907 1071 4962; x_wconf 92' lang='lat' dir='ltr'>aliis</span> <span class='ocrx_word' id='word_1_835' title='bbox 1086 4907 1306 4974; x_wconf 88' lang='lat' dir='ltr'>impertientibus,</span> <span class='ocrx_word' id='word_1_836' title='bbox 1323 4906 1447 4972; x_wconf 82' lang='lat' dir='ltr'>epistolas</span> <span class='ocrx_word' id='word_1_837' title='bbox 1459 4904 1517 4958; x_wconf 88' lang='lat' dir='ltr'>aliis</span> <span class='ocrx_word' id='word_1_838' title='bbox 1537 4906 1724 4973; x_wconf 87' lang='lat' dir='ltr'>scribentibus,</span> <span class='ocrx_word' id='word_1_839' title='bbox 1739 4917 1792 4965; x_wconf 87' lang='lat' dir='ltr'>stu.</span> 
     </span>
     <span class='ocr_line' id='line_1_99' title="bbox 1011 4975 1794 5043; baseline 0.006 -15"><span class='ocrx_word' id='word_1_840' title='bbox 1011 4975 1081 5030; x_wconf 89' lang='lat' dir='ltr'>lntcr</span> <span class='ocrx_word' id='word_1_841' title='bbox 1094 4979 1161 5031; x_wconf 88' lang='lat' dir='ltr'>alios</span> <span class='ocrx_word' id='word_1_842' title='bbox 1183 4978 1228 5043; x_wconf 91' lang='lat' dir='ltr'>qui</span> <span class='ocrx_word' id='word_1_843' title='bbox 1245 4976 1295 5028; x_wconf 89' lang='lat' dir='ltr'>boc</span> <span class='ocrx_word' id='word_1_844' title='bbox 1310 4976 1367 5042; x_wconf 89' lang='lat' dir='ltr'>ipso</span> <span class='ocrx_word' id='word_1_845' title='bbox 1381 4988 1451 5027; x_wconf 85' lang='lat' dir='ltr'>aurun</span> <span class='ocrx_word' id='word_1_846' title='bbox 1464 4975 1490 5027; x_wconf 91' lang='lat' dir='ltr'>in</span> <span class='ocrx_word' id='word_1_847' title='bbox 1504 4985 1642 5042; x_wconf 84' lang='lat' dir='ltr'>patumutn</span> <span class='ocrx_word' id='word_1_848' title='bbox 1664 4979 1794 5034; x_wconf 77' lang='lat' dir='ltr'>successit</span> 
     </span>
     <span class='ocr_line' id='line_1_100' title="bbox 1009 5042 1793 5116; baseline 0.001 -16"><span class='ocrx_word' id='word_1_849' title='bbox 1009 5046 1107 5101; x_wconf 77' lang='lat' dir='ltr'>Centies</span> <span class='ocrx_word' id='word_1_850' title='bbox 1130 5060 1239 5115; x_wconf 77' lang='lat' dir='ltr'>regnum</span> <span class='ocrx_word' id='word_1_851' title='bbox 1254 5044 1263 5114; x_wconf 76' lang='lat' dir='ltr'>l</span> <span class='ocrx_word' id='word_1_852' title='bbox 1278 5053 1344 5096; x_wconf 76' lang='lat' dir='ltr'>teate</span> <span class='ocrx_word' id='word_1_853' title='bbox 1360 5042 1439 5104; x_wconf 82' lang='lat' dir='ltr'>Beda,</span> <span class='ocrx_word' id='word_1_854' title='bbox 1456 5044 1501 5097; x_wconf 91' lang='lat' dir='ltr'>lib.</span> <span class='ocrx_word' id='word_1_855' title='bbox 1518 5057 1544 5109; x_wconf 85' lang='lat' dir='ltr'>v,</span> <span class='ocrx_word' id='word_1_856' title='bbox 1560 5059 1585 5099; x_wconf 87' lang='lat' dir='ltr'>c.</span> <span class='ocrx_word' id='word_1_857' title='bbox 1600 5045 1656 5116; x_wconf 69' lang='grc'>94)</span> <span class='ocrx_word' id='word_1_858' title='bbox 1671 5050 1704 5102; x_wconf 87' lang='lat' dir='ltr'>ad</span> <span class='ocrx_word' id='word_1_859' title='bbox 1721 5049 1793 5104; x_wconf 91' lang='lat' dir='ltr'>illum</span> 
     </span>
     <span class='ocr_line' id='line_1_101' title="bbox 1009 5110 1566 5182; baseline -0.005 -12"><span class='ocrx_word' id='word_1_860' title='bbox 1009 5116 1058 5170; x_wconf 87' lang='lat' dir='ltr'>ista</span> <span class='ocrx_word' id='word_1_861' title='bbox 1071 5116 1237 5182; x_wconf 84' lang='lat' dir='ltr'>transcripsit</span> <span class='ocrx_word' id='word_1_862' title='bbox 1250 5112 1436 5167; x_wconf 76' lang='lat' dir='ltr'>AEzlnlbertus.</span> <span class='ocrx_word' id='word_1_863' title='bbox 1454 5110 1566 5168; x_wconf 86' lang='lat' dir='ltr'>Wunnr.</span> 
     </span>
    </p>

    <p class='ocr_par' dir='ltr' id='par_1_15' title="bbox 1009 5182 1800 5530">
     <span class='ocr_line' id='line_1_102' title="bbox 1045 5182 1795 5256; baseline 0.008 -18"><span class='ocrx_word' id='word_1_864' title='bbox 1045 5197 1056 5222; x_wconf 65' lang='grc' dir='ltr'>ι</span> <span class='ocrx_word' id='word_1_865' title='bbox 1073 5185 1216 5251; x_wconf 87' lang='lat' dir='ltr'>Graphium</span> <span class='ocrx_word' id='word_1_866' title='bbox 1227 5183 1323 5235; x_wconf 89' lang='lat' dir='ltr'>dicitnr</span> <span class='ocrx_word' id='word_1_867' title='bbox 1335 5183 1420 5250; x_wconf 77' lang='lat' dir='ltr'>stylus</span> <span class='ocrx_word' id='word_1_868' title='bbox 1434 5182 1468 5236; x_wconf 89' lang='lat' dir='ltr'>ab</span> <span class='ocrx_word' id='word_1_869' title='bbox 1479 5199 1529 5237; x_wconf 89' lang='lat' dir='ltr'>unu</span> <span class='ocrx_word' id='word_1_870' title='bbox 1542 5195 1615 5252; x_wconf 89' lang='lat' dir='ltr'>parte</span> <span class='ocrx_word' id='word_1_871' title='bbox 1628 5197 1732 5250; x_wconf 77' lang='lat' dir='ltr'>scottus,</span> <span class='ocrx_word' id='word_1_872' title='bbox 1743 5202 1795 5256; x_wconf 80' lang='lat' dir='ltr'>qna</span> 
     </span>
     <span class='ocr_line' id='line_1_103' title="bbox 1010 5251 1796 5324; baseline 0.001 -16"><span class='ocrx_word' id='word_1_873' title='bbox 1010 5254 1188 5308; x_wconf 82' lang='lat' dir='ltr'>exarabantur</span> <span class='ocrx_word' id='word_1_874' title='bbox 1207 5253 1233 5304; x_wconf 91' lang='lat' dir='ltr'>in</span> <span class='ocrx_word' id='word_1_875' title='bbox 1249 5265 1310 5306; x_wconf 88' lang='lat' dir='ltr'>cera</span> <span class='ocrx_word' id='word_1_876' title='bbox 1324 5251 1429 5319; x_wconf 78' lang='lat' dir='ltr'>litteren,</span> <span class='ocrx_word' id='word_1_877' title='bbox 1441 5252 1475 5307; x_wconf 90' lang='lat' dir='ltr'>ab</span> <span class='ocrx_word' id='word_1_878' title='bbox 1496 5253 1577 5308; x_wconf 85' lang='lat' dir='ltr'>altera</span> <span class='ocrx_word' id='word_1_879' title='bbox 1593 5266 1667 5324; x_wconf 89' lang='lat' dir='ltr'>parte</span> <span class='ocrx_word' id='word_1_880' title='bbox 1682 5257 1796 5324; x_wconf 87' lang='lat' dir='ltr'>planus,</span> 
     </span>
     <span class='ocr_line' id='line_1_104' title="bbox 1009 5320 1800 5392; baseline 0.006 -16"><span class='ocrx_word' id='word_1_881' title='bbox 1009 5338 1060 5392; x_wconf 90' lang='lat' dir='ltr'>qua</span> <span class='ocrx_word' id='word_1_882' title='bbox 1082 5321 1265 5384; x_wconf 84' lang='lat' dir='ltr'>inducebatur,</span> <span class='ocrx_word' id='word_1_883' title='bbox 1279 5320 1349 5390; x_wconf 90' lang='lat' dir='ltr'>quud</span> <span class='ocrx_word' id='word_1_884' title='bbox 1376 5337 1514 5391; x_wconf 84' lang='lat' dir='ltr'>perperam</span> <span class='ocrx_word' id='word_1_885' title='bbox 1538 5334 1596 5379; x_wconf 87' lang='lat' dir='ltr'>erat</span> <span class='ocrx_word' id='word_1_886' title='bbox 1619 5335 1755 5379; x_wconf 83' lang='lat' dir='ltr'>exaratum</span> <span class='ocrx_word' id='word_1_887' title='bbox 1769 5332 1800 5381; x_wconf 85' lang='lat' dir='ltr'>et</span> 
     </span>
     <span class='ocr_line' id='line_1_105' title="bbox 1011 5392 1796 5463; baseline 0.004 -17"><span class='ocrx_word' id='word_1_888' title='bbox 1011 5407 1101 5450; x_wconf 85' lang='lat' dir='ltr'>rursus</span> <span class='ocrx_word' id='word_1_889' title='bbox 1115 5393 1342 5459; x_wconf 87' lang='lat' dir='ltr'>cotnplanahatur.</span> <span class='ocrx_word' id='word_1_890' title='bbox 1358 5392 1525 5462; x_wconf 77' lang='lat' dir='ltr'>Sprtrposius,</span> <span class='ocrx_word' id='word_1_891' title='bbox 1541 5394 1568 5447; x_wconf 94' lang='lat' dir='ltr'>in</span> <span class='ocrx_word' id='word_1_892' title='bbox 1583 5393 1733 5463; x_wconf 78' lang='lat' dir='ltr'>aeniqmate,</span> <span class='ocrx_word' id='word_1_893' title='bbox 1748 5405 1796 5449; x_wconf 84' lang='grc' dir='ltr'>ιιι·</span> 
     </span>
     <span class='ocr_line' id='line_1_106' title="bbox 1010 5459 1286 5530; baseline 0 -17"><span class='ocrx_word' id='word_1_894' title='bbox 1010 5463 1054 5530; x_wconf 80' lang='lat' dir='ltr'>jus</span> <span class='ocrx_word' id='word_1_895' title='bbox 1068 5464 1163 5518; x_wconf 84' lang='lat' dir='ltr'>lemma</span> <span class='ocrx_word' id='word_1_896' title='bbox 1178 5459 1286 5517; x_wconf 83' lang='lat' dir='ltr'>Grallo:</span> 
     </span>
    </p>
   </div>
   <div class='ocr_carea' id='block_1_15' title="bbox 1104 5551 1729 5693">
    <p class='ocr_par' dir='ltr' id='par_1_16' title="bbox 1104 5551 1729 5693">
     <span class='ocr_line' id='line_1_107' title="bbox 1104 5551 1729 5617; baseline -0.01 -13"><span class='ocrx_word' id='word_1_897' title='bbox 1104 5553 1142 5604; x_wconf 86' lang='lat' dir='ltr'>De</span> <span class='ocrx_word' id='word_1_898' title='bbox 1153 5563 1246 5603; x_wconf 81' lang='lat' dir='ltr'>mortuo</span> <span class='ocrx_word' id='word_1_899' title='bbox 1257 5551 1351 5617; x_wconf 82' lang='lat' dir='ltr'>planus,</span> <span class='ocrx_word' id='word_1_900' title='bbox 1364 5554 1407 5603; x_wconf 87' lang='lat' dir='ltr'>sed</span> <span class='ocrx_word' id='word_1_901' title='bbox 1419 5567 1466 5604; x_wconf 91' lang='lat' dir='ltr'>non</span> <span class='ocrx_word' id='word_1_902' title='bbox 1478 5567 1525 5617; x_wconf 74' lang='lat' dir='ltr'>eqo</span> <span class='ocrx_word' id='word_1_903' title='bbox 1537 5552 1622 5616; x_wconf 88' lang='lat' dir='ltr'>planus</span> <span class='ocrx_word' id='word_1_904' title='bbox 1633 5555 1659 5602; x_wconf 88' lang='lat' dir='ltr'>lu</span> <span class='ocrx_word' id='word_1_905' title='bbox 1669 5552 1729 5601; x_wconf 86' lang='lat' dir='ltr'>imo.</span> 
     </span>
     <span class='ocr_line' id='line_1_108' title="bbox 1379 5612 1693 5693; baseline 0.016 -26"><span class='ocrx_word' id='word_1_906' title='bbox 1379 5653 1408 5693; x_wconf 52' lang='lat'>0</span> <span class='ocrx_word' id='word_1_907' title='bbox 1578 5612 1693 5672; x_wconf 83' lang='lat' dir='ltr'>Wusnr.</span> 
     </span>
    </p>
   </div>
   <div class='ocr_carea' id='block_1_16' title="bbox 0 0 1922 6114">
    <p class='ocr_par' dir='ltr' id='par_1_17' title="bbox 0 0 1922 6114">
     <span class='ocr_line' id='line_1_109' title="bbox 0 0 1922 6114; baseline 0 0"><span class='ocrx_word' id='word_1_908' title='bbox 0 0 1922 6114; x_wconf 95' lang='lat' dir='ltr'> </span> 
     </span>
    </p>
   </div>
  </div>
 </body>
</html>
