3832 6114
850 235 1044 325 entsrose'.
1701 260 1756 321 aas

122 276 177 337 783

122 386 235 461 vetigia
250 383 425 455 amplectens,
447 386 477 438 ιιι
490 394 539 452 pro
554 380 621 438 meis
637 380 784 453 innumeris
809 376 910 433 faciun-
926 377 950 438 Α
966 377 1047 432 faciat
1062 389 1124 431 aera
1140 374 1256 430 clraritas
1266 375 1352 430 solum
1365 381 1392 430 et
1406 375 1550 430 masamn‘aa
1564 375 1633 444 quod
1649 390 1754 432 carim„

119 500 182 543 rara
197 479 355 539 criminibus
368 476 439 548 apud
464 476 662 532 misericordem
678 483 706 531 et
727 475 827 544 justum
839 472 913 528 fudi·
967 468 1007 523 dit
1026 476 1053 523 et
1073 467 1194 537 praecipit
1218 465 1288 522 Deus
1310 465 1426 523 dicendo
1438 484 1445 520 :
1459 465 1518 520 ffoe
1544 475 1581 521 ert
1600 476 1754 540 preceptum

121 588 183 637 ceta
213 569 382 630 intercedere
410 567 573 637 dignemini;
611 581 661 621 nec
689 577 776 620 tamen
806 579 839 620 cx
864 561 916 617 bec
967 573 1061 627 naum,
1084 557 1242 628 uldifiqatfe
1257 556 1375 622 inuicem,
1398 565 1450 612 cle.
1467 557 1545 612 Amet
1567 558 1593 612 in
1610 558 1755 614 fluorera·

125 642 282 721 ιάθιιιιιιιι
301 668 399 714 uestrae
421 654 532 727 gratiam
557 654 722 724 perturbem,
750 666 810 707 cunr
836 650 915 706 lesus
967 651 1035 706 citer
1055 648 1205 716 absentem,
1232 662 1311 719 quern
1335 648 1512 718 corporaliter
1535 659 1693 718 presentem
1716 663 1756 704 te·

123 764 217 815 noster
233 752 318 825 gloria
333 750 408 818 coeli,
431 748 557 818 salusque
572 746 676 812 muudi,
696 746 738 800 cui
754 754 849 800 cuncta
873 757 916 812 pa·
968 754 1034 795 nere
1057 740 1159 812 nequit.
1185 738 1230 805 Et,
1255 739 1348 794 sicut·
1363 750 1473 795 sanctus
1496 739 1660 810 Augustinus
1673 739 1752 799 dixit,

124 826 196 919 tect,
208 852 326 914 atquem
347 838 452 895 occulta
474 853 529 894 non
555 839 648 904 latent,
664 835 777 903 imperet
798 836 890 891 dicens
907 852 914 889 :
968 833 1108 890 licetunus
1120 831 1156 887 sit
1168 831 1196 887 in
1210 829 1332 900 Oriente,
1347 839 1373 888 et
1389 830 1456 888 alius
1470 831 1497 888 in
1515 831 1672 900 Occidente,
1691 847 1756 888 con-

126 930 258 1003 Pclite,ct
282 931 474 996 dubituroodis,
503 930 655 998 etreliqua.
690 926 762 995 Quia'
784 943 833 985 nec
862 937 914 983 lam
968 929 1091 1000 glutinati
1105 928 1241 985 clraritatc
1254 940 1391 997 nunquam
1406 926 1440 982 ab
1452 924 1567 985 inuicem
1578 934 1756 997 separantur,

123 1006 157 1083 cr
168 1024 220 1083 boc
231 1034 350 1081 ventosae
362 1020 519 1077 temeritatis
529 1030 592 1093 tgpo
603 1018 668 1074 mibi
679 1020 825 1088 subrepere
836 1032 916 1088 posse
968 1029 994 1077 et
1008 1019 1133 1078 Salvator
1144 1019 1236 1076 mundi
1250 1037 1256 1073 ε
1273 1017 1307 1080 bt
1323 1019 1370 1079 lane
1380 1026 1632 1091 cognoscentemnes
1644 1020 1705 1092 quis
1716 1019 1756 1072 di·

122 1096 202 1193 qnp'ta
222 1115 370 1176 remedium
396 1113 489 1168 salutis
514 1113 630 1168 arbitror
654 1112 781 1181 inveniri,
807 1113 870 1171 dum
890 1119 917 1168 et
968 1110 1061 1180 scipuli
1079 1111 1128 1165 mei
1143 1110 1215 1176 ertia,
1231 1108 1253 1163 ιι
1264 1108 1426 1167 ditectionem
1439 1107 1578 1169 labamine
1589 1108 1623 1161 ed
1638 1108 1756 1162 inuicem.

121 1206 183 1281 lpse
194 1221 238 1263 mc
258 1216 387 1278 egrotum
409 1219 537 1277 agnosco,
550 1213 578 1267 et
592 1203 848 1273 medicumqueru,
862 1201 914 1259 bos
969 1200 1051 1273 Ergo,
1066 1200 1143 1272 iuxta
1159 1198 1300 1266 tacebam,
1316 1198 1363 1269 qui
1385 1197 1470 1257 dixit:
1492 1196 1584 1254 Oratio
1598 1198 1659 1275 fidei
1672 1196 1757 1257 aslan-

123 1294 172 1363 tlbl
183 1296 343 1361 versiculos,
360 1295 439 1350 Pater
449 1293 573 1360 amande,
590 1293 684 1353 subter
703 1291 821 1363 scriptus
834 1307 914 1348 causa
968 1294 1004 1349 iit
1018 1295 1161 1364 infirmum,
1176 1301 1287 1366 etfpost
1307 1306 1411 1363 pauca:
1426 1291 1504 1348 flante
1524 1308 1573 1364 pro
1596 1290 1714 1357 invicem,
1730 1298 1759 1342 ul

123 1374 300 1444 correctionis
313 1385 410 1452 direxi,
424 1383 534 1454 cupiens
549 1382 687 1439 industriae
698 1391 796 1439 vestrae
816 1383 915 1453 scripta
968 1387 1109 1454 sulaemt'ni,
1122 1399 1231 1442 oremus
1245 1400 1293 1455 pro
1305 1383 1430 1452 laricem,
1448 1393 1477 1441 ut
1491 1384 1644 1450 salvemur,
1660 1391 1687 1437 et
1703 1383 1758 1452 pie·

124 1472 285 1555 promereri,
296 1486 427 1546 quatenus
441 1477 542 1532 erroris
569 1475 622 1532 mci
635 1475 772 1534 anfractus
793 1491 827 1533 ex
850 1476 916 1547 ipsis
970 1487 1011 1534 tas
1029 1477 1143 1544 llomini,
1159 1490 1219 1548 que
1238 1490 1288 1532 nos
1302 1476 1329 1530 in
1353 1482 1425 1531 terra
1450 1473 1595 1545 separavit,
1611 1472 1758 1544 gaudentes

125 1576 202 1629 certe
214 1580 386 1640 cognoscam.
969 1570 996 1626 in
1007 1569 1135 1627 coelorum
1150 1567 1267 1624 culmine
1281 1577 1434 1639 congreget.

161 1650 261 1715 Sancta
274 1664 302 1712 et
311 1656 445 1712 individua
454 1655 598 1713 Trinitatis
608 1655 736 1714 diuinitas
749 1657 914 1714 excellentie
1197 1658 1362 1715 nulsione
1383 1657 1537 1715 txxltlll.

125 1756 223 1805 resurr
243 1746 409 1817 dignitatem,
431 1747 530 1819 jugiter
550 1747 629 1818 longe
651 1748 756 1819 lateque
776 1726 958 1804 catholicisB
1114 1763 1268 1807 eustracius
1287 1764 1422 1806 anesten.
1439 1748 1477 1823 [ι.
1499 1766 1525 1806 n.
1545 1747 1621 1823 len]

127 1838 310 1899 Ecclesiarum
325 1839 448 1910 plebibus
463 1838 665 1909 presidentem,
680 1853 765 1908 usque
778 1840 811 1895 ad
824 1855 922 1911 snpre·
1010 1840 1248 1899 Reuerendissimo
1262 1840 1351 1910 fratri,
1367 1849 1395 1897 et
1409 1838 1557 1917 spiritualis
1571 1837 1762 1895 Germaaitatis

124 1924 401 2013 memritaecursum,
413 1941 507 1987 contra
520 1930 609 1987 omnia
624 1930 810 2002 proficientem
826 1931 921 1990 adrer-
974 1933 1175 2006 propinquitate
1197 1946 1328 1999 connexo,
1353 1931 1516 1997 bonifacius,
1535 1930 1647 2000 exiguus
1667 1943 1762 1987 sertus

124 2035 167 2091 ιι,
181 2022 327 2079 custodiat.
972 2043 1113 2086 serrorum
1135 2025 1193 2092 liei,
1218 2038 1363 2096 perennem
1386 2022 1413 2086 in
1433 2021 1541 2078 Christo
1555 2021 1697 2079 charitatis
1719 2035 1761 2074 sa-

164 2110 292 2173 crescere
307 2122 332 2169 te
343 2113 414 2170 Deus
428 2113 600 2184 omnipotens
612 2114 638 2170 iu
652 2128 718 2184 opus
731 2113 839 2185 pietatis
975 2121 1068 2176 tutem.

166 2202 298 2277 Perpetuo
312 2202 392 2268 iaciat
405 2203 478 2259 fuero
492 2205 633 2260 multarum
649 2206 816 2273 animarum,

162 2286 242 2365 iliaca
253 2294 420 2365 opnmccefi,
436 2295 586 2352 arrscullare
603 2295 649 2353 bei
665 2296 793 2351 mercaris

164 2380 201 2455 [fl
212 2384 320 2442 taudem
334 2400 432 2440 rocem
444 2385 531 2440 ictam
546 2404 551 2438 :
565 2386 649 2455 Bnnc,
661 2400 790 2456 serieque
802 2385 864 2451 lide,

146 2554 149 2558 Δ
163 2476 273 2532 &terna
285 2476 324 2532 tui
337 2476 496 2550 llominique
510 2476 558 2533 Dei
575 2494 644 2534 nnrrc
655 2479 748 2550 gaudia
764 2478 874 2534 scande.

1007 2211 1184 2269 Clementiam
1200 2207 1372 2265 fraternitatis
1387 2216 1482 2265 restrae
1496 2203 1598 2261 intimis
1610 2203 1761 2273 flagitamus

975 2303 1098 2372 precibus
1113 2310 1141 2356 nt
1168 2308 1268 2355 nostrae
1280 2297 1474 2357 mediocritatis
1497 2308 1630 2351 memores
1645 2293 1761 2351 irateree-

973 2396 1039 2451 dere
1060 2392 1218 2464 dignemini,
1234 2390 1306 2462 quia,
1323 2389 1439 2461 pcccatis
1459 2386 1557 2445 nostris
1580 2383 1758 2454 erigentibus,

974 2487 1113 2558 periculosi
1137 2483 1218 2540 maris
1241 2481 1443 2553 tempestatibus
1461 2477 1576 2548 undique
1595 2474 1729 2547 quatimur
1754 2489 1761 2524 :

165 2566 251 2629 ΡΜ*
266 2581 347 2639 ⁸⁰9⁹?
358 2567 426 2623 ⁰⁶⁰⁵
441 2568 529 2624 suem
544 2569 616 2638 quia,
633 2568 716 2624 multa
731 2580 852 2640 superte
974 2584 1098 2647 rogantes
1113 2584 1142 2629 ut
1156 2574 1201 2629 ille
1214 2572 1258 2644 qui
1278 2573 1305 2626 in
1319 2572 1377 2625 elia
1392 2569 1501 2637 habitet,
1516 2578 1539 2624 et
1554 2566 1663 2622 buarllia
1676 2563 1761 2634 respi-

164 2656 331 2723 censlitnam
346 2679 352 2714 :
367 2661 474 2731 requies
488 2660 533 2716 tibi
544 2661 583 2716 sit
598 2661 654 2716 baec
670 2670 741 2717 certa
757 2664 895 2735 salusque,
974 2671 1018 2737 eie,
1031 2669 1171 2739 indiligens
1182 2666 1290 2738 flagitia,
1304 2673 1413 2735 prestet
1427 2663 1504 2718 nobis
1519 2659 1630 2716 verbnm
1642 2660 1670 2713 ιιι
1684 2672 1763 2728 sper-

164 2750 297 2829 Spcsque,
313 2751 419 2809 latente
430 2752 496 2820 Deo,
512 2754 620 2824 pariter,
635 2754 680 2824 qni
696 2765 793 2812 cuneta
805 2757 919 2824 creauit,
974 2761 1043 2817 tinae
1058 2761 1111 2815 oria
1125 2758 1216 2823 nostri,
1232 2763 1355 2812 ulcurrut
1369 2760 1394 2809 el
1411 2753 1565 2823 clarificetur
1585 2751 1655 2807 inlcr
1670 2758 1764 2818 gentes

167 2842 209 2909 Ac
219 2856 333 2913 regnans
345 2842 408 2898 uiuit
422 2843 501 2900 seclis
515 2842 588 2913 prior
600 2844 724 2902 omnibns
738 2846 820 2915 idem,
977 2847 1155 2919 Euangelium
1169 2843 1263 2917 gloriae
1278 2842 1391 2899 Christi.

170 2930 249 2989 Caice
263 2948 355 2989 carens
369 2943 397 2990 ct
410 2935 552 3006 principio,
568 2935 709 2991 clementia
722 2935 800 3007 cujus
1194 2935 1362 2993 Epistulae
1381 2932 1549 2991 Lxxxtltl.

169 3024 211 3082 lle
224 3026 350 3083 miserunt
368 3039 392 3084 te
406 3028 477 3099 larga
492 3028 617 3084 monebat
631 3028 705 3084 adire
718 3029 885 3100 magistrum.
1117 3043 1272 3086 contractus
1284 3042 1442 3085 nsasnrano
1453 3024 1491 3100 [a.
1501 3042 1527 3080 a.
1542 3023 1619 3098 tte]

171 3114 240 3173 lfnfe
253 3120 325 3189 grani
339 3135 416 3175 nusae
431 3135 549 3190 pressus,
565 3121 623 3177 sinc
635 3121 736 3185 lumine
746 3122 846 3188 cardis,
1013 3123 1166 3182 bonifacius
1187 3137 1281 3180 seruus
1304 3135 1445 3178 serrorum
1460 3118 1507 3176 llef
1521 3116 1681 3176 benebardo
1702 3129 1763 3189 pror

170 3204 228 3267 titia
242 3209 304 3264 dum
317 3210 490 3280 vagabundus
505 3211 637 3278 amabam,
654 3210 741 3267 dulcia
752 3212 877 3279 credens,
975 3219 1085 3293 sbytero
1100 3219 1128 3274 in
1141 3215 1249 3273 Christo
1263 3214 1387 3271 salutem.

169 3303 235 3379 Quae
249 3311 372 3372 coustant
385 3303 489 3359 eunctis
502 3305 642 3360 animabus
656 3306 736 3361 noxia
747 3321 863 3378 semper.
1010 3310 1107 3366 Mando
1121 3309 1179 3377 tibi,
1201 3306 1369 3372 charissime,
1387 3306 1421 3363 dc
1436 3313 1570 3376 praescide
1585 3320 1669 3378 puero
1684 3305 1765 3370 Atina,-

170 3388 388 3456 Ρθθῑθιίδοῦιυει
406 3393 682 3464 tenebrasscdgratia
697 3395 821 3466 dempsit.
977 3406 1045 3475 fere,
1069 3405 1092 3461 si
1108 3403 1147 3460 illi
1173 3405 1318 3464 necessitas
1340 3403 1367 3456 in
1392 3416 1439 3457 sua
1466 3402 1713 3472 causacontiagat,
1737 3411 1766 3458 ut

167 3482 300 3542 Sala-antis
313 3485 424 3556 Clarisli,
437 3489 520 3558 gratis
534 3489 575 3559 pia
592 3490 715 3552 sensibus
729 3505 829 3559 augens
975 3510 1038 3553 earm
1052 3493 1181 3567 adjurare
1193 3492 1314 3560 studeas,
1328 3492 1397 3547 sicut
1412 3492 1557 3561 ingenuum
1572 3489 1723 3556 berniacam
1739 3501 1766 3546 ct

172 3572 323 3633 flonamcis
335 3579 450 3635 stolidis.
467 3579 514 3634 Cui
530 3580 626 3636 lauset
640 3582 725 3634 lioarnr
737 3581 794 3636 sine
811 3581 880 3648 fane;
975 3585 1016 3640 sic
1036 3597 1085 3653 pro
1108 3582 1154 3638 illo
1174 3580 1316 3653 promittas
1338 3579 1432 3636 amicis
1454 3580 1522 3649 elus,
1541 3593 1593 3634 non
1618 3577 1694 3649 qnasi
1717 3594 1766 3648 pro

169 3668 256 3738 Atque
271 3671 318 3736 tui,
331 3671 377 3725 tibi
389 3680 492 3730 crescat
506 3670 532 3725 in
546 3685 626 3739 arce„
635 3671 734 3726 fabaris
748 3670 859 3743 olynrpi,
975 3686 1071 3739 serao;
1083 3682 1110 3729 et
1123 3686 1174 3742 ego
1196 3671 1236 3726 sic
1250 3669 1433 3738 comprobari,
1456 3669 1524 3738 quia
1536 3666 1699 3737 desponderi
1715 3668 1766 3724 sibl

168 3758 268 3821 Directi
282 3763 356 3818 callis
371 3763 476 3830 ductor,
494 3778 660 3832 mercesque,
676 3778 787 3833 coenata,
976 3768 1100 3839 disponet
1115 3766 1268 3836 conjungem,
1284 3773 1313 3819 ut
1327 3778 1379 3820 non
1405 3762 1508 3828 timeat,
1525 3760 1596 3834 quod
1611 3774 1705 3817 sersus
1720 3758 1765 3820 sit.

168 3850 324 3927 ingeniique
336 3856 372 3909 lui
388 3853 459 3924 quud
474 3871 533 3910 sum
548 3871 609 3924 pars
624 3855 716 3911 uftirna
731 3857 832 3926 magni.
977 3861 1042 3918 vale
1055 3860 1083 3915 in
1099 3858 1217 3914 cbristo.

362 3945 528 4007 litttsluta
547 3943 690 4001 cxxxii.
1206 3945 1371 4004 deistunt
1392 3945 1537 4006 txxltlll.

287 4049 441 4089 contractus
456 4050 593 4093 scannia.
610 4035 679 4108 [tn.
694 4033 770 4108 7521
1116 4057 1270 4100 enarramus
1280 4044 1434 4097 'anunente
1454 4040 1493 4113 [a.
1508 4056 1535 4094 n.
1548 4037 1627 4108 ati-l

172 4126 399 4180 lleeerentissimo
414 4136 441 4181 et
453 4128 628 4184 dilectissimo
644 4128 698 4185 dliu
714 4128 857 4185 Gemmulo
872 4143 918 4182 ar·
1015 4135 1174 4193 vermesque
1188 4133 1263 4188 fratri
1270 4131 1407 4201 aldherio
1420 4131 1509 4186 abbati
1527 4129 1688 4209 Bonifacins,
1711 4128 1767 4183 cai·

126 4213 292 4271 cltidiacono
309 4215 461 4273 bonifacius
476 4218 589 4288 exiguus
604 4235 743 4276 servornm
755 4219 804 4275 Dei
820 4221 923 4276 amabi·
976 4239 1149 4301 gaaussersus
1164 4239 1302 4280 servorum
1320 4224 1376 4288 liei,
1392 4223 1417 4279 in
1437 4221 1544 4281 Claristo
1558 4220 1685 4277 salutern.

127 4306 183 4361 lent
199 4304 226 4359 in
242 4304 348 4362 Christo
361 4318 469 4364 aeteruae
487 4308 626 4368 charitatis
640 4311 765 4368 salutent.
974 4359 978 4368 .
1012 4317 1158 4374 Cbarftalis
1179 4325 1276 4373 restrae
1298 4316 1467 4373 clementiam
1490 4314 1641 4370 medullatis
1661 4323 1689 4370 et
1703 4312 1764 4370 inti·

164 4394 245 4465 Saepe
265 4398 411 4467 spiritualis
426 4400 544 4456 ebaritas
556 4401 645 4472 jungit
661 4417 729 4470 quos
743 4405 921 4475 corporaliter
936 4417 961 4477 o
974 4413 1025 4468 mis
1045 4411 1257 4483 praecordiorum
1281 4411 1456 4466 obsecramus
1476 4408 1612 4477 precibus,
1633 4415 1664 4461 ut
1678 4407 1704 4459 in
1718 4421 1765 4461 ve-

130 4484 209 4558 longa
228 4487 429 4559 intercapedine
445 4492 585 4564 disjungit.
608 4494 641 4549 Et
656 4494 714 4551 ltaec
736 4509 789 4549 non
807 4495 918 4552 minima
976 4506 1040 4560 szrls
1060 4501 1239 4558 sacrosanctis
1272 4497 1438 4556 orationibus
1469 4495 1658 4554 intercedendo
1682 4495 1766 4548 nostri

965 3994 972 4043 l

130 4577 352 4649 peregrinationis
364 4597 484 4641 erumna
496 4600 556 4642 csse
574 4586 749 4657 dignoscitur,
765 4587 835 4656 qnod
850 4589 922 4644 arni·

131 4684 180 4725 cue
190 4670 317 4747 amicnuq,
330 4689 410 4741 quem
421 4675 547 4732 ardenter
558 4677 654 4746 diligit,
666 4678 744 4747 lortge
754 4677 919 4748 disiunctum

131 4760 217 4816 tristis
232 4770 260 4817 ct
277 4778 395 4820 moerens
416 4774 559 4831 memorat,
582 4775 609 4822 el
623 4767 812 4825 adversantem
833 4769 923 4824 iniuri-

130 4864 192 4911 cnnt
207 4868 292 4924 prope
307 4856 494 4914 tribulatorem
508 4867 537 4915 et
559 4860 704 4917 molestum
717 4861 861 4919 difficulter
876 4880 922 4934 pa·

130 4946 206 5002 titur.
219 4945 327 5003 Utinam
345 4959 382 5016 te,
400 4949 493 5018 frater,
509 4951 735 5022 peregrinationis
755 4955 837 5025 buius
856 4970 923 5011 con·

130 5034 276 5091 relatorem
297 5053 382 5109 prope
405 5039 530 5108 habeam,
549 5050 595 5095 tuo
608 5051 702 5098 sancto
722 5043 837 5099 consilio
852 5054 921 5111 utar,

129 5127 316 5183 concertatione
339 5131 482 5200 gaudeam,
507 5142 616 5202 aspectu
632 5133 812 5191 cbaraeleciei
834 5134 921 5203 laeter,

128 5226 157 5273 ct
167 5227 265 5273 sancta
275 5220 463 5279 eslrortatione
474 5225 589 5282 retieiar.
603 5223 656 5281 Sed
672 5224 733 5295 quia
746 5227 797 5283 froc
811 5226 867 5282 fieri
884 5229 922 5282 ai·

129 5319 164 5365 te
180 5312 301 5367 mortalis
320 5314 451 5382 carriditio,
466 5325 492 5371 et
512 5330 602 5372 rerum
618 5315 689 5371 ratio
709 5331 763 5373 nnn
779 5316 919 5388 permittit,

160 5455 178 5485 ¹
188 5447 479 5522 &mancaepammus
491 5454 578 5511 serm.
591 5450 627 5504 ti
640 5452 674 5507 do
687 5451 820 5523 Tempore
833 5469 839 5506 :
855 5451 923 5507 cbe-

124 5523 202 5588 rim,
222 5521 319 5592 inquit,
335 5524 392 5591 ipen
411 5537 470 5576 nere
482 5532 529 5586 est,
544 5537 601 5592 que
612 5523 778 5592 corporaliter
790 5533 923 5592 separatos

123 5597 255 5650 comesfl
275 5594 424 5666 spiritaliter
438 5593 559 5659 copulare
581 5604 658 5662 etqtte
681 5597 845 5662 cultiunperc.
863 5592 922 5647 Dan

123 5666 194 5723 enta
215 5669 259 5739 qui
283 5684 310 5724 se
326 5673 416 5733 stenelo
438 5679 525 5719 uenere
547 5663 667 5734 diliguat,
691 5665 790 5720 etiamsi
814 5680 879 5720 attur
895 5667 921 5719 ia

978 4610 1110 4654 memores
1133 4610 1194 4651 esse
1221 4591 1378 4665 dignemini,
1391 4602 1418 4649 et
1430 4591 1556 4647 almitatis
1571 4596 1666 4644 restrae
1682 4586 1767 4655 preel-

979 4688 1029 4743 bus
1041 4686 1203 4757 imploretis,
1218 4695 1246 4741 ut
1257 4688 1316 4756 pius
1330 4684 1469 4746 flaminius,
1485 4682 1530 4749 qui
1544 4684 1676 4735 causaest
1690 4690 1766 4744 pere·

979 4778 1138 4848 griaatiunis
1151 4784 1262 4843 nostrae,
1277 4788 1374 4829 narem
1384 4769 1533 4842 fragilitatis
1547 4776 1655 4829 nostrae,
1670 4779 1704 4820 nc
1718 4766 1765 4819 dn·

976 4868 1063 4925 ctibus
1090 4869 1311 4924 Germanicarum
1339 4869 1528 4934 tempestatum
1555 4859 1763 4927 submergatur,

977 4961 1088 5017 dextera
1103 4974 1151 5016 sna
1166 4965 1325 5029 protegente
1343 4962 1372 5010 et
1395 4953 1571 5024 gubernante,
1594 4947 1705 5004 illaesam
1719 4960 1766 5008 cu÷

976 5051 1129 5116 studieado,
1144 5049 1177 5104 ad
1201 5045 1321 5104 ecelestis
1331 5043 1481 5101 Jerusalem
1496 5040 1571 5097 littus
1590 5039 1765 5111 tranquillum

977 5143 1116 5215 perducat.
1127 5139 1247 5196 Salutate
1257 5150 1350 5193 omnes
1363 5135 1459 5191 fratres
1469 5131 1766 5209 sauctacongregatio-

977 5234 1019 5290 nis
1038 5241 1147 5298 vestre,
1173 5239 1279 5285 nostros
1303 5227 1330 5281 in
1348 5227 1403 5282 lieu
1425 5224 1609 5290 clarissimos,
1624 5222 1650 5278 in
1672 5218 1765 5282 osculo

975 5322 1127 5380 dilectionis
1142 5335 1174 5377 ac
1186 5317 1337 5376 devotionis
1351 5328 1461 5375 nostrae.
1474 5314 1699 5372 Commendamus
1709 5310 1762 5367 sci·

977 5459 1089 5523 Oriertte,
1112 5457 1178 5513 nllus
1201 5454 1230 5510 ιιι
1245 5453 1483 5516 desiccarentur
1504 5450 1628 5505 claritate
1641 5443 1766 5516 conpleti-

975 5539 1051 5582 anntc
1071 5529 1234 5597 inunguntur,
1263 5535 1290 5579 ιιι
1311 5540 1439 5593 atrapitena
1463 5522 1495 5575 ab
1518 5521 1624 5574 laticem
1645 5531 1766 5585 repercu-

976 5611 1025 5654 ιιι.
1043 5598 1155 5669 fdeoquc
1170 5605 1197 5652 ct
1210 5595 1252 5652 laic
1269 5596 1319 5665 legi
1336 5602 1424 5666 potest
1437 5592 1478 5659 ela,
1492 5607 1544 5648 aron
1560 5589 1604 5642 ad.
