3832 6114
136 269 188 327 Μ

772 264 977 324 sinnitensis
996 263 1086 321 PAPA
1113 263 1144 318 it.

1715 257 1764 314 bet

137 382 281 449 [accincti.
305 384 331 436 in
353 396 408 450 que
431 380 527 437 deuote
550 395 599 450 per
627 380 774 435 revolutum
797 381 926 448 temperie
939 377 1132 455 prestitimrct
1154 374 1286 444 propriis;
1309 372 1357 427 sed
1381 370 1434 438 ille,
1462 380 1571 440 peeeate
1600 370 1767 437 imminente,

134 477 249 546 spatium
269 482 279 513 ¹
300 473 455 529 monachice
469 472 593 542 degebat,
604 471 744 527 diabolicis
755 473 779 527 ei
788 473 926 526 suasioni·

111 569 184 622 'biis
198 565 314 621 studens
334 564 385 617 'iu
406 563 545 617 Franciaui
570 561 732 633 provinciam
760 562 793 614 ed
816 561 925 615 obiecn·

135 659 209 722 dein,
223 666 303 724 etque
315 655 509 709 aduersandum
521 666 610 709 causas
621 650 813 718 redemptionis
824 658 926 706 serici-e

137 745 184 802 bei
197 746 333 808 Ecclesiae,
350 743 503 812 rcipnnlicae
519 742 702 795 llnmanerum
718 738 825 795 direxit.
848 739 927 792 linui-

136 850 187 909 que
207 837 269 892 illuc
289 837 299 868 ⁸
318 837 513 905 conjunxisset,
529 835 662 890 nitebatur
687 834 923 890 omuineetrclie-

136 930 250 984 nicatius
276 926 430 982 decretabet
459 934 558 980 sanetae
592 924 640 979 ilci
663 923 790 980 Ecclesia
815 937 923 979 eausam

136 1023 304 1089 subvenere,
338 1018 414 1088 jutta
443 1018 512 1086 qued
537 1032 552 1070 a
573 1017 683 1084 presiate
701 1014 712 1044 ⁴
732 1029 781 1070 uee
813 1014 925 1069 dicende

136 1109 276 1179 aistulpho
291 1119 406 1178 tyranno
423 1105 508 1160 lucrat
531 1105 657 1160 directus.
687 1104 751 1171 Sed,
767 1103 926 1173 propitiante

137 1201 258 1264 boniiiio,
281 1198 391 1253 iniuime
405 1197 540 1252 ialeitsei
564 1197 682 1266 germani
704 1194 926 1251 christianissimi

136 1296 238 1366 l’lppiui
260 1296 332 1367 regis
360 1295 522 1350 Francorum
543 1294 569 1348 in
590 1293 641 1348 lina
673 1291 856 1347 tirmisslmum
880 1306 927 1345 cer

135 1386 274 1444 inclinare.
290 1386 382 1441 l'etius
395 1396 483 1440 autem
493 1395 630 1454 comperta
644 1381 801 1452 nequissimi
820 1380 926 1436 nisiuttl

136 1476 332 1541 minuitatem
353 1492 383 1533 se
397 1477 495 1532 tirtute
518 1476 590 1531 idem
612 1474 854 1530 eieellentissimus
866 1472 927 1541 Pip-

135 1571 214 1641 plnns
234 1569 397 1624 Francorum
420 1582 466 1622 rer
488 1564 625 1635 proiessus
653 1571 697 1619 est
715 1563 854 1618 dearctare
877 1576 925 1630 pre

135 1676 212 1715 causa
237 1671 336 1714 sanetae
361 1658 408 1713 Dei
430 1657 567 1723 Ecclesiae,
592 1656 660 1710 sicut
681 1655 782 1725 pridem
793 1654 846 1723 jain
871 1652 925 1707 iate

135 1754 289 1811 lieatissime
299 1753 480 1823 spoponderat
493 1752 624 1807 Pontifici.

169 1844 243 1899 'lune
256 1846 312 1915 pari
330 1843 443 1899 consilio
464 1842 547 1897 isdem
567 1840 750 1896 sanctissimus
773 1855 839 1910 papa
863 1854 924 1894 cum

134 1938 305 1993 denominate
319 1936 480 1993 Francorum
497 1950 571 2008 rege,
587 1933 698 1990 consilio
713 1935 791 2002 inita,
810 1937 884 2001 juxta
899 1935 925 1990 id

135 2025 206 2094 qued
220 2024 571 2093 prelatus·Car‹ileiiiannus
586 2026 640 2080 beo
654 2039 685 2080 se
704 2025 848 2081 devenerat
866 2040 925 2080 nie·

136 2115 275 2169 uacliicam
291 2117 388 2184 degere
400 2116 491 2180 iiiam,
507 2117 533 2169 in
547 2116 708 2170 monasterio
725 2131 787 2170 euin
807 2117 818 2147 ⁸
837 2117 888 2170 illie
899 2116 925 2171 in

135 2204 246 2262 Francia
268 2206 476 2262 collocaverunt.
497 2205 548 2262 Ubi
569 2215 596 2261 at
620 2214 680 2275 pest
699 2207 849 2277 aliquantes
869 2207 926 2261 dies

134 2298 222 2353 dniea
247 2297 385 2353 uacatione
408 2298 443 2353 de
457 2296 506 2353 liae
529 2297 587 2353 loce
599 2297 732 2367 migrarit,
752 2313 822 2353 annu
836 2297 926 2353 berni-

135 2389 162 2443 ni
176 2387 239 2445 755.
254 2388 336 2443 Perre
350 2388 593 2443 Cliristianissimus
607 2388 744 2457 l'ippinus,
759 2388 926 2446 Francorum

137 2494 194 2541 res,
210 2491 240 2534 ut
259 2495 322 2536 rere
332 2480 402 2535 beati
418 2481 487 2535 Petri
507 2479 603 2545 nitetis,
625 2489 704 2549 atque
716 2482 769 2549 iam
786 2482 831 2536 lati
846 2496 925 2538 sane·

136 2570 231 2628 tissimi
248 2570 382 2642 pontilicis
405 2572 548 2627 salutiferis
568 2572 756 2640 obtemperans
775 2572 786 2603 ⁰
804 2574 923 2636 innuitis,

134 2661 232 2716 direxit
246 2675 309 2716 suns
322 2662 420 2715 misses
433 2661 547 2716 distulie
565 2660 575 2692 '
596 2660 759 2730 nequissime
772 2660 926 2731 Langobar·

137 2750 231 2806 derum
255 2753 311 2821 regi
332 2760 441 2821 prepter
460 2752 534 2820 pacis
552 2749 664 2820 laedere,
680 2760 708 2806 et
727 2753 738 2785 ⁸
758 2753 925 2820 proprietatis

136 2852 235 2898 sanetae
250 2842 297 2898 Dei
312 2842 439 2899 Ecclesiae
453 2858 484 2900 ac
497 2844 648 2913 reipublice
672 2845 835 2900 restituenda
853 2845 923 2915 iura,

136 2943 215 3004 atque
235 2935 275 2991 liis
288 2943 316 2990 et
330 2936 420 3002 tertie,
443 2937 517 3006 juxta
542 2935 661 3013 sapeipti
680 2936 827 2992 beatissimi
851 2953 925 3007 papae

138 3025 346 3081 admonitionem
367 3041 428 3081 euni
444 3026 602 3095 deprecatus
617 3007 698 3081 estet
713 3027 787 3094 plura
803 3028 826 3082 ei
844 3028 923 3096 pnlli-

977 472 988 501 ⁹
1006 468 1115 524 obedire
1130 466 1242 520 distulit.
1264 463 1303 518 dil
1319 463 1369 517 liee
1381 463 1467 518 isdem
1478 462 1593 519 eximius
1605 460 1770 517 Francorum

977 573 1022 614 rea
1046 573 1158 614 cernens
1180 555 1250 626 qued
1282 551 1442 610 atrocissimi
1471 551 1576 607 distulit
1602 567 1768 622 nequaquam

977 650 1076 706 ualeret
1089 646 1277 718 quoquomodo
1291 660 1401 699 saxeum
1421 642 1526 700 mellite
1544 657 1601 709 cer,
1616 642 1769 713 generalem

977 749 1069 796 centra
1084 754 1146 794 eiiui
1160 738 1278 795 decrerit
1292 736 1381 790 lacere
1403 735 1559 789 motionem.
1581 734 1617 789 Ει
1636 733 1769 803 damiam

977 830 1033 886 lere
1049 831 1163 885 inedium
1180 828 1284 884 itineris
1295 827 1410 896 spatium
1423 826 1587 880 Francorum
1604 825 1768 882 exercituum

977 921 1150 992 graderentur
1171 919 1262 982 cunei,
1287 932 1393 973 rursum
1406 917 1428 948 ¹·
1448 919 1504 987 ipse
1529 916 1720 973 sanctissimus
1732 916 1770 973 tir

978 1015 1117 1085 precipiunt
1141 1010 1358 1082 benignissimum
1387 1011 1547 1077 deprecatus
1567 1018 1609 1064 est
1630 1009 1770 1079 Pippinum

977 1119 1078 1174 regem,
1096 1107 1117 1144 ¹¹
1133 1103 1239 1157 demum
1262 1101 1410 1156 serissime
1429 1098 1543 1153 distulie
1561 1098 1637 1169 dirigi
1664 1098 1769 1169 Longe·

979 1196 1120 1250 bardarum
1144 1194 1211 1264 regi,
1228 1194 1250 1246 si
1269 1206 1322 1262 qiie
1347 1190 1427 1245 mede
1451 1189 1472 1222 ¹¹
1490 1191 1620 1259 potuisset
1641 1189 1687 1245 uel
1709 1204 1770 1245 sere

978 1284 1084 1339 tandem
1109 1284 1166 1352 ejiis
1186 1282 1282 1338 sedare
1305 1280 1447 1345 saevitiam,
1474 1289 1502 1334 et
1521 1281 1629 1349 propria
1653 1280 1768 1350 propriis

976 1381 1152 1435 saluberrime
1168 1379 1294 1434 suaderet
1315 1376 1438 1442 reddere,
1453 1375 1554 1444 absque
1576 1374 1687 1430 bnniaiii
1705 1374 1770 1430 eilu-

976 1471 1053 1526 sinue
1078 1469 1225 1541 sauguinis.
1243 1469 1276 1524 Et
1287 1469 1322 1523 ita
1342 1470 1440 1523 lactant
1454 1474 1506 1529 est,
1518 1479 1599 1535 atque
1611 1467 1702 1522 deuuu
1716 1466 1772 1534 ipse

977 1560 1183 1630 beiiiguissinius
1207 1559 1372 1614 Francorum
1395 1571 1444 1611 res
1465 1570 1528 1611 sitos
1547 1556 1634 1611 eidem
1659 1555 1772 1611 stanna

976 1652 1051 1706 misit
1065 1652 1171 1706 missus.

942 1756 965 1815 Β
1017 1746 1069 1802 Sed
1096 1746 1263 1802 beatissimus
1286 1745 1370 1800 isdem
1395 1759 1473 1814 papa,
1497 1753 1525 1797 ut
1549 1757 1613 1798 rere
1637 1751 1722 1812 pater,
1744 1751 1773 1798 et

978 1842 1064 1894 benus
1076 1850 1175 1908 paster,
1190 1855 1223 1894 ne
1233 1839 1343 1908 sanguis
1354 1837 1536 1892 eliuuderetur
1545 1836 1771 1899 Christianorum,

978 1929 1171 1987 admonitionis
1183 1940 1210 1985 et
1233 1930 1429 1986 obsecrationis
1452 1926 1648 1998 apostelicasei
1675 1926 1775 1982 direxit

977 2022 1090 2091 litteras,
1107 2039 1154 2094 per
1168 2039 1214 2079 eas
1225 2031 1252 2080 et
1265 2023 1371 2078 lertiter
1384 2022 1528 2093 peremnia
1542 2022 1632 2077 diviua
1643 2021 1775 2092 mysteria

976 2126 1004 2166 et
1017 2112 1098 2169 laturi
1113 2114 1244 2170 examinis
1259 2113 1329 2168 disin
1343 2112 1499 2189 cepjiirans,
1522 2122 1603 2182 atque
1624 2112 1773 2175 obtestans,

977 2214 1007 2260 ut
1018 2205 1126 2274 pacilice
1137 2205 1195 2259 sine
1210 2205 1260 2259 ulla
1276 2206 1413 2275 sauguinis
1427 2202 1559 2260 effusione
1573 2203 1683 2275 propria
1696 2216 1773 2256 sanc·

979 2308 1012 2352 tae
1028 2297 1074 2352 liei
1090 2296 1218 2353 Ecclesia
1231 2308 1260 2353 et
1277 2296 1431 2368 reipublice
1451 2296 1632 2352 Romanorum
1645 2295 1773 2352 redderet

974 2390 1051 2458 jura;
1076 2387 1134 2453 sed,
1159 2387 1300 2456 iniquitate
1329 2389 1387 2457 ejus
1414 2389 1572 2454 obsistente,
1603 2401 1772 2458 nequaquam

980 2483 1151 2550 acquiescere
1166 2482 1257 2538 veluit.
1277 2481 1368 2537 Petius
1389 2490 1507 2538 auteiue
1526 2482 1665 2538 contrarie
1686 2483 1774 2536 minas

977 2583 1004 2628 et
1019 2572 1214 2643 indignationes
1228 2572 1339 2641 pietate
1354 2571 1485 2644 pontifici,
1499 2582 1527 2628 et
1541 2570 1772 2630 excellentissime

977 2662 1089 2732 Pippine
1109 2664 1175 2734 regi,
1197 2665 1237 2720 nel
1253 2665 1355 2720 cunctis
1380 2665 1501 2731 Francis,
1525 2664 1634 2720 direxit.
1653 2665 1677 2700 ¹²
1697 2664 1774 2720 Tuae

978 2753 1001 2788 ²⁴
1018 2757 1087 2811 liius
1111 2757 1137 2810 in
1153 2758 1343 2824 omnipotentis
1365 2757 1413 2812 Dei
1439 2758 1621 2813 misericerdia
1634 2757 1772 2813 antefatus

977 2844 1104 2915 Pippinus
1127 2845 1290 2900 Francorum
1306 2863 1352 2902 rex
1376 2848 1427 2902 iter
1437 2863 1513 2902 suurn
1529 2846 1553 2881 ¹⁸
1567 2848 1703 2918 proiectus
1719 2855 1773 2914 est,

977 2938 1143 3005 premittens
1172 2948 1234 2993 ante
1257 2953 1334 2992 suurn
1366 2938 1624 3007 occursumaliques
1650 2954 1682 2991 ei
1713 2938 1776 2994 suis

978 3025 1001 3061 ¹⁶
1012 3027 1177 3096 proceribus,
1189 3039 1216 3083 et
1230 3042 1290 3083 cum
1304 3028 1343 3083 eis
1356 3028 1529 3084 exercituales
1539 3028 1619 3093 eires,
1630 3028 1665 3080 ad
1678 3039 1775 3082 enste-

136 3116 205 3175 ti'tits
225 3128 267 3176 est
290 3133 412 3182 munera,
432 3129 461 3174 ut
475 3118 659 3175 tantummode
683 3117 791 3187 pacifice
815 3119 920 3186 propria
935 3109 958 3170 C
972 3120 1098 3176 diendum
1113 3123 1260 3192 propties⁸
1276 3122 1439 3177 Francenun
1457 3132 1479 3162 ¹⁷
1495 3122 1589 3177 clusas.
1605 3120 1697 3191 ibique
1707 3137 1778 3177 ceu·

753 3205 948 3264 vanientes
962 3208 1160 3266 testinans.

172 3304 181 3339 ¹
200 3295 266 3353 Ceri.
283 3297 360 3362 Lite..
382 3298 530 3351 tristissima.

149 3369 180 3435 ‚²
200 3367 267 3423 cae.
284 3367 361 3436 Luta,
378 3383 436 3425 enni
449 3369 476 3421 iu
500 3365 638 3421 Franciain
662 3367 818 3437 precinamus
832 3370 865 3421 ad
878 3369 926 3422 sibi

136 3438 313 3495 obediendiam.

171 3508 182 3540 ⁸
201 3506 268 3564 ded.
284 3508 359 3570 Lite„
375 3509 536 3578 pei'ceiiisset.

173 3579 183 3607 ⁸
204 3578 232 3632 lu
252 3580 299 3642 al..
313 3595 358 3632 nee
377 3578 484 3632 dicanda
499 3589 609 3647 tyranne
621 3578 727 3632 desunt.

172 3649 182 3680 ³
201 3648 266 3703 Ced.
285 3649 360 3711 Lite,
380 3647 495 3703 Viennae.

173 3720 184 3753 θ
203 3721 268 3773 dud.
286 3722 364 3784 Lite,
374 3720 454 3785 ,idatii
465 3737 472 3781 ;
485 3722 531 3784 ab,
555 3719 633 3788 riqis.

172 3787 228 3842 'iii
243 3790 291 3854 ab,
306 3791 460 3859 nequissima
486 3790 572 3852 deest,
596 3790 664 3844 sistit
685 3799 712 3842 ct
736 3788 845 3858 epitlieli
869 3787 926 3843 iere

137 3874 231 3917 eiiiues
244 3859 289 3926 qui
305 3860 422 3914 ineditis
446 3860 577 3920 leguntur.

1015 3302 1024 3334 ³
1044 3301 1099 3369 Ab,
1116 3303 1208 3357 nelail.
1222 3305 1262 3357 Ad
1277 3304 1333 3356 iaec.

1016 3371 1036 3402 ¹⁰
1054 3372 1109 3435 nt,
1125 3373 1203 3426 iidem
1219 3391 1288 3441 papii
1301 3375 1451 3442 inprecatus
1464 3383 1511 3426 erl.

1014 3444 1034 3475 ¹¹
1054 3441 1120 3498 enit.
1141 3442 1196 3497 Luc
1211 3485 1218 3507 ,
1232 3454 1259 3496 at
1277 3443 1360 3498 deuito
1364 3481 1416 3498 .....
1432 3445 1563 3514 diriperet.

1016 3518 1037 3549 ¹·
1057 3512 1110 3577 Ab,
1125 3515 1243 3578 patuisset
1255 3516 1310 3582 ejas
1327 3513 1425 3568 cneii-'ra
1436 3529 1479 3567 cer
1490 3522 1515 3569 et
1533 3515 1710 3581 anapaesta.

1016 3580 1038 3609 ¹³
1058 3584 1111 3643 nl..
1125 3583 1196 3636 l'iiiic
1212 3584 1336 3652 Pitiniana
1350 3587 1477 3654 prefectus
1492 3594 1529 3637 eat
1543 3586 1699 3653 premittens,
1714 3597 1767 3639 ete.

1016 3650 1038 3679 ¹³
1056 3651 1123 3707 did.
1140 3652 1194 3707 laic
1210 3695 1217 3718 ,
1233 3655 1313 3723 filliis.

1008 3719 1038 3770 .¹³
1058 3723 1124 3778 Cnil.
1143 3724 1219 3788 Luc,
1236 3735 1395 3792 pareremus.

1016 3789 1038 3820 ¹⁶
1058 3794 1084 3845 ln
1098 3794 1144 3857 nl..
1162 3795 1306 3860 proceribus
1317 3795 1402 3849 deest.

1017 3860 1037 3891 ¹⁷
1056 3862 1123 3917 Cud.
1143 3868 1218 3930 l.ue.,
1240 3865 1357 3919 Glausai.

171 3929 183 3963 ⁸
200 3928 265 3985 eod.
280 3929 356 3994 inte,
374 3933 489 3999 predalia
503 3942 607 3986 tenete.

797 4016 973 4075 leilOllUll
994 4016 1107 4073 NOTAE.

144 4117 211 4163 tates
223 4108 283 4163 ldee
297 4110 359 4164 liuic
371 4110 430 4165 lece
447 4109 509 4162 milii
531 4108 630 4176 placuit
642 4115 770 4173 attexere,
783 4106 845 4173 quia
859 4121 923 4162 een·
978 4109 1122 4177 objiceret,
1138 4109 1208 4179 qued
1229 4109 1325 4163 iactum
1342 4109 1373 4162 iri
1396 4109 1454 4174 quis
1471 4123 1524 4164 neri
1545 4107 1633 4171 ridet,
1646 4109 1671 4164 si
1687 4106 1762 4164 ciis

142 4193 180 4232 ire
193 4192 312 4234 ueterum
332 4181 410 4233 Fidem
427 4179 594 4239 iiiipudenies
614 4178 736 4230 nomines
750 4186 838 4230 uestra
853 4186 921 4231 tem·
976 4176 1117 4232 lunianiiiis
1132 4178 1233 4246 legatus
1254 4178 1434 4242 perlunctiirie
1448 4195 1542 4235 eornm
1566 4178 1676 4249 ametis
1697 4179 1765 4251 egis·

140 4254 243 4314 pestate
257 4249 313 4302 nesi
324 4257 386 4301 sunt
407 4248 534 4308 scribere,
546 4246 769 4300 Carelemannina
785 4245 923 4304 inGallias
974 4258 1014 4302 set
1030 4263 1090 4302 cuni
1106 4247 1234 4317 Pippinn?
1258 4249 1375 4302 linistis.

139 4319 190 4371 iter
212 4329 261 4384 pro
282 4316 423 4387 Alatulpiie
443 4317 602 4383 suscepisse,
619 4314 689 4384 qued
706 4316 838 4381 pontilicis
858 4332 922 4371 cati·
1009 4317 1036 4371 Ξ.
1059 4315 1164 4371 interea
1188 4319 1387 4386 nefandissimas
1411 4319 1549 4390 ,distitisse
1564 4318 1680 4389 i‘ippiue
1706 4332 1768 4374 rere

139 4399 216 4447 sain,
235 4384 410 4440 ambitionem
429 4395 457 4439 et
470 4384 624 4440 dominandi
640 4384 814 4450 cupiditatem
829 4427 837 4452 ,
864 4388 922 4456 ipse
937 4386 1101 4453 ncarisiaei
1116 4388 1197 4442 etiam
1212 4402 1275 4442 cuin
1297 4390 1433 4456 Stcpliaun
1447 4402 1512 4456 popa
1528 4389 1672 4456 existente,
1688 4388 1769 4445 Carti·

137 4454 310 4521 improbaret.
322 4454 389 4509 Cuin
403 4457 474 4509 nulia
490 4454 609 4524 dreieete
622 4455 648 4509 in
663 4454 919 4524 Steplisnesauctls·
976 4459 1118 4512 lemannus
1145 4460 1203 4523 ejus
1228 4459 1320 4523 irater,
1345 4469 1408 4514 tuuc
1427 4458 1574 4513 uinuaelnis
1605 4458 1768 4522 casinensis,

137 4524 207 4578 sitne
231 4523 355 4592 pontifice
377 4526 497 4589 ambitio,
514 4524 584 4578 nulla
608 4525 761 4580 dominandi
787 4526 920 4596 cupiditas
975 4527 1039 4582 illue
1061 4543 1169 4596 queque
1190 4528 1262 4582 veniit
1277 4544 1309 4582 ei
1331 4529 1415 4590 ltalia,
1438 4537 1466 4584 et
1487 4529 1617 4583 nitebatur
1629 4531 1733 4582 omnino
1746 4536 1770 4582 et

139 4592 297 4659 iiicri13sed
314 4596 390 4651 unice
404 4594 515 4650 curabat
532 4611 546 4650 a
564 4595 675 4663 Pippine
686 4595 793 4651 delendi
809 4612 916 4651 eniisam

137 4663 248 4730 iustitiae
267 4666 336 4720 beati
360 4666 442 4730 Petri,
467 4680 544 4737 quani
573 4665 695 4734 ncrjiiios
720 4667 850 4720 aistulfus
872 4680 921 4735 per

140 4736 192 4787 riiu
207 4747 233 4788 et
260 4736 334 4790 nelas
350 4735 546 4806 pessumdabat.
563 4734 643 4790 Certe
666 4736 700 4790 de
723 4736 920 4791 Gareleinanne

139 4806 165 4856 in
185 4803 279 4860 Galliis
304 4819 424 4861 morante
438 4816 533 4860 auctor
548 4819 638 4860 nnsicr
662 4805 743 4860 rciert
757 4807 918 4872 sequentia:

140 4870 254 4942 Dttmqtte
272 4876 334 4930 iliae
353 4877 534 4950 conliiaeiiset,
546 4878 674 4930 nitebatur
686 4876 800 4936 omuino,
812 4887 835 4929 ci
845 4875 920 4929 aebe-

139 4945 245 4996 nientiar
261 4946 404 5000 decertabat
415 4958 509 5001 sanctie
525 4945 571 5000 liei
586 4947 706 5000 bactram
718 4960 809 4999 enitsas
819 4947 922 4999 tribuer-

138 5023 199 5074 tere,
210 5015 401 5085 joaiaqnoda
425 5018 533 5086 predata
556 5032 602 5070 nec
624 5016 733 5069 dicendo
753 5015 862 5084 dissidio
882 5025 921 5086 tq·

136 5084 313 5155 manesceret
330 5086 450 5141 directus.
475 5088 538 5148 Sed,
561 5087 716 5155 propitiante
732 5083 851 5150 Domino,
873 5088 921 5138 nii·

973 4605 1131 4652 retenentes
1155 4598 1298 4652 decertabat
1328 4608 1422 4652 sancte
1452 4601 1498 4652 liei
1519 4598 1642 4653 Ecclesiae
1669 4614 1770 4653 cansam

972 4668 1126 4731 mbuertare,
1146 4670 1224 4739 jaare
1251 4669 1346 4739 quode
1362 4669 1470 4739 prescire
1481 4684 1540 4740 repe
1561 4669 1676 4737 Alitaiie
1688 4671 1768 4739 [amat

973 4739 1096 4802 directae,
1112 4739 1196 4805 inquit
1208 4739 1373 4793 nicaeensius.
1386 4740 1438 4793 Sed
1453 4738 1633 4793 verosimilius
1646 4749 1691 4793 est
1701 4738 1768 4807 qued

974 4808 1068 4861 scribit
1093 4809 1272 4878 Egiulinrdus,
1297 4810 1322 4862 iu
1348 4809 1504 4872 druidibus,
1532 4808 1564 4860 ad
1580 4822 1680 4863 annoni
1706 4807 1767 4872 ¹1⁵3.

973 4876 1198 4933 Careiemanuuin
1225 4878 1338 4942 scilicet,
1377 4879 1488 4932 inrituin
1512 4877 1675 4948 legationem
1699 4879 1768 4933 illam

973 4948 1084 5013 obiisse,
1107 4950 1151 5013 qiii
1164 4963 1208 5001 uec
1227 4949 1271 5001 ilie
1284 4948 1433 5002 abbatissae
1444 4950 1518 5018 jassa
1541 4958 1714 5008 contemnere.
1725 4962 1770 5002 ner

974 5017 1052 5073 abbas
1076 5018 1147 5072 illitis
1173 5020 1306 5086 preceptis
1330 5021 1396 5089 reqis
1420 5018 1662 5086 Lenpebarderem,
1690 5018 1769 5090 quisi

974 5087 1020 5140 bea
1040 5088 1179 5158 imperauit,
1209 5088 1319 5142 audebat
1343 5090 1471 5143 resistere.
1497 5088 1571 5143 ilaue
1607 5089 1765 5159 legationem

137 5154 294 5209 nimeealaii
312 5157 353 5210 sni
368 5158 481 5227 germani
503 5155 713 5209 Caristiaiiiiiiini
731 5152 835 5226 Pippiiii
854 5156 921 5226 repis
971 5155 1094 5225 jussione
1107 5159 1148 5213 sui
1166 5158 1270 5212 abluitis
1285 5162 1435 5226 suscepisse
1452 5160 1679 5213 Canilemannuin
1699 5160 1767 5214 seri-

140 5218 300 5278 Franeerani
312 5227 339 5279 iii
354 5226 401 5279 linc
424 5227 596 5291 firmissimum
623 5238 666 5276 eor
687 5224 823 5280 inclinare.
848 5227 883 5280 nt
897 5229 920 5280 sl
975 5229 1011 5281 lill
1021 5230 1101 5282 etiam
1113 5228 1244 5282 annalista
1255 5229 1504 5292 laureshamensis,
1515 5237 1543 5283 ct
1555 5230 1684 5284 iiiiiltialii
1697 5246 1704 5285 ι
1716 5228 1768 5283 Sed

138 5302 242 5349 reti-res
258 5305 386 5350 testantes
399 5296 533 5349 tineamus
559 5295 719 5364 legationem
742 5297 921 5364 predistelln
974 5297 1113 5367 pippinos,
1136 5301 1204 5353 sicut
1224 5298 1279 5368 jani
1308 5299 1425 5364 peritiiici
1448 5299 1638 5367 spoponderat,
1660 5299 1723 5369 eius
1740 5306 1769 5353 et

138 5374 210 5431 :egre
229 5378 244 5417 a
262 5365 458 5421 Carelemanne
481 5374 633 5432 susceptam
662 5365 753 5427 luisse,
779 5367 825 5435 qni
840 5367 922 5434 igilur
974 5364 1101 5421 bernaus
1116 5368 1245 5423 Ecclesia
1270 5368 1446 5437 patrecinium
1465 5370 1593 5437 suscepit.
1609 5368 1721 5426 Pieres.

136 5438 261 5487 cainiana
273 5437 347 5491 illten
360 5436 514 5502 probavisse
525 5449 632 5488 causatu
645 5434 760 5498 nisiutii,
775 5445 802 5491 et
822 5439 922 5505 impre·
1011 5438 1020 5458 ⁸
1041 5435 1205 5491 Francorum
1226 5439 1320 5493 cintae.
1350 5438 1388 5494 De
1406 5438 1447 5491 liis
1471 5439 1615 5494 bertiniani
1640 5439 1772 5495 Annales.

138 5504 243 5560 itavisse
261 5505 421 5561 Poenicis?
438 5506 514 5572 Qiieil
534 5505 556 5558 si
580 5515 670 5573 parics
697 5507 802 5560 distulit
830 5522 921 5560 cerain
975 5506 1104 5579 Pippieiis
1134 5524 1242 5574 cespes
1261 5511 1428 5581 apertelieam
1451 5509 1625 5565 indictionem
1644 5513 1673 5564 iri
1693 5510 1775 5563 italie

138 5569 252 5639 i’ippine
274 5574 358 5632 Fratre
384 5584 492 5631 slreuiie
519 5575 648 5641 ileieiiilit,
665 5577 715 5630 litte
745 5577 804 5629 idae
827 5575 923 5631 iecisse
973 5581 1022 5631 iter
1036 5594 1170 5648 peragens,
1181 5580 1311 5648 justitian
1325 5581 1392 5633 beati
1407 5578 1479 5633 Petri
1492 5580 1602 5650 arnestali
1622 5581 1774 5652 gemendo.

138 5643 224 5717 petius
248 5646 393 5717 putandum
422 5657 478 5711 est,
506 5661 539 5702 iie
563 5645 660 5701 lenitati
687 5645 921 5716 Langobardorum
976 5649 1104 5713 distulisti
1130 5648 1357 5720 Langobardorum
1378 5666 1425 5704 res
1444 5653 1622 5715 remediatoris
1641 5654 1777 5723 justitient

137 5714 297 5773 aretinense
317 5718 520 5785 monasterium,
546 5718 588 5773 eui
604 5731 634 5772 se
661 5715 811 5781 addixerat,
828 5730 921 5772 rrimus
976 5719 1093 5785 retanda,
1106 5719 1191 5776 claras
1207 5719 1435 5794 Laiigebnrdertiui
1450 5723 1531 5790 petiit,
1550 5724 1649 5776 obuiam
1664 5722 1778 5795 i'i'ppine
