3832 6114
147 276 200 334 att
750 272 779 327 S.
800 271 995 331 condomus
1013 273 1099 327 bont
1121 273 1163 327 itt.
1723 274 1777 331 tot

148 391 295 449 recondidit
321 392 348 445 in
372 391 499 446 bonorem
520 388 669 445 satvuuntu
696 397 848 456 sanctaque
871 387 931 457 ejus
947 396 971 454 Α
985 386 1035 440 lroe
1049 386 1146 453 adjecit
1162 385 1197 439 ita
1219 399 1234 438 a
1254 387 1395 441 sacerdote
1415 386 1558 441 dicendum
1575 403 1582 441 r
1601 385 1718 453 Quanam
1730 402 1777 442 sa·

148 481 293 539 Gentitrieis
307 480 456 549 reliquias,
469 491 678 548 sanctorumque
694 479 876 546 ape-stolorrnnrr
891 481 932 534 rel
985 476 1101 531 lenrnitas
1122 476 1238 530 tradicio
1253 487 1388 547 conspeetu
1406 488 1457 531 tane
1475 478 1616 547 majestatis
1636 477 1779 532 celebratas

148 571 267 627 omnium
279 580 433 626 sanatorum
447 581 595 642 martyrum
612 586 643 626 uc
658 569 859 635 cantianorum,
875 584 935 638 per·
985 566 1094 622 bomine
1109 568 1178 622 ilaus
1191 579 1275 625 noster
1289 570 1317 623 inr
1333 580 1385 623 tota
1399 571 1459 625 orire
1473 580 1611 628 terrarum.

147 660 329 731 lectorumque
343 663 474 730 justorum
488 670 545 716 toto
563 662 589 714 in
604 661 669 715 orbe
685 669 817 715 terrarum
831 658 936 727 reqrrie·
1024 671 1036 700 ι
1056 661 1141 726 Quam
1162 662 1357 718 institutionem
1378 663 1404 717 in
1424 663 1518 717 eodem
1539 663 1658 718 ordonio
1676 662 1780 721 tabulis

146 750 500 818 surnrtnnouorunnesu
514 750 841 820 uigiliarnmamonacbis
855 752 934 815 trium
987 748 1102 818 lapideis
1125 750 1297 806 conscribere
1321 750 1400 818 lecit,
1424 752 1451 805 in
1475 767 1529 821 quo
1553 751 1656 806 iaciens
1680 767 1779 822 perga·

145 845 371 899 monasteriorum
386 841 441 899 illie
460 843 635 898 seruientium
655 841 774 911 qnotidie
794 857 842 910 per
860 840 935 894 orrli·
988 845 1041 899 lam
1064 841 1178 899 contulit
1201 843 1271 897 dona
1296 843 1462 899 diuersarum
1485 845 1657 910 specierum,
1682 842 1711 897 id
1736 852 1782 899 est

148 953 208 991 nem
223 937 232 970 ¹
246 937 389 993 existentia
400 978 407 1002 ,
420 946 501 1005 atque
514 945 528 974 ¹
543 936 726 991 natalitiorum
737 936 833 991 missus
847 935 873 989 irr
887 947 934 988 eo·
987 933 1000 973 l
1024 934 1153 1004 gabathas
1178 949 1275 989 aureas
1298 933 1386 997 duas,
1412 933 1480 988 alias
1502 932 1514 964 ⁸
1537 935 1643 987 sarlcsa
1664 945 1782 987 aunam

144 1027 206 1083 dern
222 1028 282 1085 loco
295 1028 432 1085 celebrare
445 1029 456 1060 ²
471 1029 615 1085 instituens
630 1029 640 1058 ¹
655 1027 668 1065 b
683 1026 709 1082 in
724 1040 828 1082 canone
843 1026 934 1079 arisae
988 1024 1121 1095 euinque,
1138 1039 1232 1081 cruces
1247 1025 1259 1058 ¹
1274 1024 1424 1096 pendentes
1444 1039 1556 1080 numero
1571 1033 1695 1092 quatuor.
1712 1021 1780 1079 lte·

764 1135 957 1193 tentantes
975 1134 1174 1194 auctiones,

184 1255 193 1288 ¹
213 1251 280 1309 cad.
296 1250 382 1319 Luc,
398 1252 559 1307 scatentium
572 1268 581 1316 ,·
596 1254 632 1305 al.
644 1292 652 1320 ,
666 1248 845 1306 existentibus.
1024 1248 1036 1280 ⁸
1055 1249 1097 1304 ΑΙ.
1113 1290 1121 1316 ,
1135 1250 1246 1305 acincus.

181 1327 192 1357 ¹
210 1322 276 1379 cad.
292 1321 375 1391 Luc,
391 1324 511 1378 instituit.
1023 1321 1033 1351 ¹
1053 1321 1115 1387 ΑΙ,
1130 1332 1263 1392 argenteas
1277 1337 1402 1389 numero,
1417 1331 1470 1376 etc.

181 1394 193 1428 ⁸
212 1393 275 1450 Coc.
290 1392 356 1450 Luc.
372 1408 427 1448 orn.
444 1395 470 1447 in
486 1409 593 1449 canone.

820 1459 998 1517 vantotttitt
1018 1451 1133 1510 odim.

149 1556 229 1625 rdmne
241 1553 301 1610 ideo
314 1553 384 1623 quod
400 1568 415 1607 a
430 1552 520 1610 Leone
535 1553 700 1609 iconoclastn
720 1563 873 1609 surrctornnr
891 1568 934 1608 re·
986 1560 1027 1608 est
1042 1550 1135 1603 nanu
1148 1548 1218 1618 typis
1231 1548 1386 1610 commissa,
1403 1548 1527 1604 Marsus.

146 1626 234 1697 iiquiar
252 1633 500 1679 contenrnerentur.
523 1625 581 1679 Bra.
604 1634 629 1676 et
652 1625 732 1687 Lean.
748 1653 783 1665 -
800 1622 848 1676 iiic
873 1624 932 1694 [ecit
1023 1628 1036 1657 ¹
1061 1618 1246 1673 Nutatitiaram
1271 1619 1371 1672 nrrissas.
1401 1617 1490 1672 Missae
1519 1618 1700 1675 nratalitiorrtm
1729 1636 1780 1679 sea

145 1696 286 1753 aratorium
311 1695 380 1747 intra
391 1696 520 1757 ‚eamdem
544 1693 685 1747 basilicam.
715 1694 772 1758 Quo
798 1693 933 1748 crrrdelrus
948 1678 972 1738 Β
985 1689 1113 1746 natalium
1129 1699 1277 1768 rnartyrnrn
1292 1688 1460 1770 sunrt'missge
1473 1688 1525 1743 dici
1540 1689 1669 1745 solemnis
1682 1688 1779 1747 eorunt’

147 1766 244 1834 inopius
266 1765 410 1832 imperator
432 1764 487 1819 Leo
510 1769 616 1819 isaurus
636 1776 730 1819 cantra
755 1778 846 1819 sacrus
869 1765 936 1818 irrra-
985 1759 1071 1816 ultimi
1086 1761 1196 1826 agonis,
1211 1774 1271 1829 rrnrs
1287 1773 1319 1814 ea
1336 1759 1380 1813 dre
1395 1766 1450 1813 natr
1472 1769 1535 1813 snm
1556 1758 1675 1815 Cirrista.
1698 1764 1775 1817 arra·

145 1839 223 1906 ginas
236 1848 383 1902 earumque
396 1835 515 1890 cultores
535 1835 561 1889 ln
577 1834 687 1889 Oriente
707 1834 885 1897 deseviebat,
902 1849 936 1891 ao
985 1843 1050 1887 stus.
1066 1831 1091 1886 io
1107 1827 1237 1898 Gregorio
1253 1829 1284 1883 ΙΙΙ
1299 1846 1305 1882 :
1323 1827 1355 1883 ln
1371 1830 1413 1882 die
1432 1831 1611 1884 natalitiorum
1625 1846 1733 1900 caretas,
1749 1834 1779 1888 td

148 1905 295 1974 impensius
309 1904 336 1958 irr
350 1903 495 1960 Occidente
511 1911 618 1960 sanctus
634 1903 779 1972 Gregorius
795 1903 827 1959 ΙΙΙ
841 1904 935 1959 catha·
984 1912 1038 1965 est,
1062 1911 1208 1955 sanctarum
1232 1901 1408 1964 apostoloram
1430 1909 1455 1953 et
1475 1909 1630 1971 martyram.
1652 1901 1726 1957 idem
1748 1902 1778 1959 in

147 1978 226 2032 licum
240 1974 337 2042 dogma
351 1975 385 2029 de
398 1975 572 2029 veneratione
598 1985 752 2028 sanctorum
775 1973 882 2040 scriptis
904 1989 935 2031 ac
985 1972 1121 2027 Adriano:
1137 1968 1169 2024 ln
1182 1968 1262 2023 natali
1279 1970 1420 2038 pontilicis.
1434 1971 1571 2033 ambros..
1586 1986 1706 2026 sermon.
1720 1971 1777 2029 ts:

149 2046 224 2102 lucris
237 2046 348 2101 curabat
362 2045 492 2100 stabilire.
509 2044 599 2102 Semel
615 2055 642 2100 et
657 2047 753 2099 iterum
768 2059 816 2113 per
829 2046 933 2113 spaeri-
985 2041 1095 2105 Netati,
1117 2042 1183 2094 sicut
1203 2043 1306 2102 deant,
1329 2042 1475 2095 irnrnnirneate
1496 2041 1639 2106 uindemio,
1662 2046 1779 2099 natalem

146 2119 240 2171 siarlos
265 2115 483 2169 comminatorius
510 2116 612 2170 litteras
638 2115 713 2170 dedit
735 2114 769 2170 ad
796 2112 932 2179 Leonem,
984 2114 1041 2181 cisra
1055 2112 1172 2178 marturii
1184 2126 1364 2182 procuramus.
1380 2111 1494 2165 Tertull.
1511 2112 1546 2166 de
1559 2111 1658 2167 Conon.
1674 2113 1778 2178 mitia..

147 2187 243 2255 iginibus
263 2184 338 2239 illurn
359 2185 392 2238 ab
413 2184 508 2238 nanneni
529 2194 609 2255 atqua
623 2185 658 2238 ab
671 2185 809 2255 impietate
823 2199 935 2241 reuoca·
984 2199 1044 2250 cap.
1060 2183 1077 2237 3
1091 2198 1100 2232 τ
1116 2179 1264 2236 Oblationes
1287 2199 1334 2251 pro
1355 2182 1500 2250 detractis,
1524 2196 1572 2250 pra
1591 2184 1717 2240 natalitiis
1730 2199 1780 2241 aa·

149 2266 198 2311 ret.
215 2256 244 2311 ln
259 2254 367 2308 basilica
381 2254 466 2308 sancti
484 2255 553 2310 Petri
566 2254 670 2324 synodo
689 2254 831 2323 nonnaginta
854 2255 934 2310 trium
985 2270 1036 2306 arra
1052 2252 1094 2305 din
1106 2253 1226 2322 saciatur.
1241 2256 1416 2306 anrnsnoorr.

147 2327 333 2396 cpiscoporum
356 2333 519 2390 convocante,
545 2326 735 2381 iconomachos
756 2324 935 2380 soatbematis
1020 2323 1034 2363 ll
1055 2321 1088 2376 in
1108 2337 1206 2376 canone
1225 2324 1310 2376 misse
1328 2324 1376 2375 lnae
1396 2322 1502 2390 adjecit.
1521 2321 1614 2378 Canon
1629 2323 1720 2379 missae
1735 2334 1780 2381 est

149 2410 275 2451 rrrucrane
294 2398 434 2463 percussit.
454 2392 601 2451 saluatoris
620 2404 647 2450 et
666 2399 848 2462 apostolorum
863 2395 932 2449 ima·
984 2394 1111 2450 solemnis
1124 2395 1220 2457 aratia,
1236 2408 1286 2462 qua
1303 2393 1445 2447 conicitur
1459 2410 1556 2461 congrus
1570 2394 1686 2448 Domini.
1702 2393 1778 2450 0rda

146 2468 221 2535 girres
245 2481 276 2521 ea
303 2482 353 2518 nrau
381 2474 456 2532 parte
482 2465 600 2536 ciusdem
627 2465 762 2532 basilica,
791 2481 824 2519 ea
848 2464 933 2521 altera
986 2465 1062 2518 itonn.
1079 2465 1113 2517 de
1127 2462 1241 2517 sacritic.
1259 2462 1347 2527 nuiss,
1369 2477 1428 2525 can.
1444 2464 1499 2518 ti:
1524 2460 1676 2518 Orationem
1695 2482 1778 2535 asan

146 2540 284 2607 innagirrem
308 2534 442 2603 Deiparre,
465 2545 657 2590 etsancnarmn
672 2537 818 2606 uirginum,
834 2537 934 2605 magni·
984 2551 1106 2589 canonem
1133 2535 1183 2587 sirne
1210 2533 1354 2597 arctiorem,
1380 2543 1485 2601 propter
1512 2536 1658 2606 regularem
1685 2551 1778 2590 saera·

147 2610 196 2663 lico
211 2620 292 2674 opere
307 2606 459 2660 rotrocum.
478 2606 577 2660 liridern
592 2608 737 2660 onrtorinnn
758 2609 930 2672 construxit,
984 2615 1125 2658 aneatorum
1144 2603 1344 2672 confectionem,
1366 2599 1484 2659 Romana
1508 2620 1579 2659 nrare
1600 2605 1774 2675 appellamus.

147 2695 172 2732 nn
188 2686 408 2748 quesanctorum
425 2676 525 2744 lipsana
542 2686 597 2730 toto
612 2676 678 2732 orbe
697 2676 848 2743 conannira
868 2675 932 2729 reli-
984 2676 1016 2728 Et
1037 2676 1073 2729 ita
1086 2673 1274 2742 intelligendus
1295 2684 1337 2728 est
1350 2673 1480 2742 tir-egon,
1498 2677 1545 2730 lib.
1560 2691 1608 2735 mn,
1624 2673 1705 2743 epist.
1722 2674 1778 2743 aa,

146 2752 228 2818 giosae
247 2745 428 2800 venerationis
447 2760 528 2800 causa
550 2747 697 2801 honorilice
717 2740 846 2800 condidit.
869 2745 933 2799 Erat
982 2745 1044 2815 quia
1069 2745 1209 2799 orationem
1233 2744 1389 2797 dominicam
1413 2760 1473 2798 nnca
1495 2759 1551 2817 past
1574 2761 1698 2801 cananeas
1721 2747 1777 2802 diei

148 2829 216 2872 mter
230 2817 287 2870 baec
300 2829 398 2883 corpus
412 2816 482 2872 beuti
494 2815 598 2871 Gabinii
612 2818 783 2886 nrrnsbyteri,
796 2818 873 2884 eique
886 2829 932 2869 ara
983 2816 1119 2870 statuistis.
1141 2812 1174 2867 Et
1189 2815 1242 2869 Leo
1256 2815 1375 2870 osricus.
1392 2814 1519 2871 Cbronlc.
1535 2818 1640 2870 (iussin.
1658 2816 1719 2871 tio.
1733 2832 1775 2887 rr,

145 2896 261 2946 scutata.
275 2885 307 2938 ad
323 2899 403 2952 quam
418 2885 541 2942 Sardinia
557 2896 584 2940 et
597 2886 706 2942 Corsica
721 2887 848 2941 tributum
863 2901 931 2955 npno·
981 2899 1042 2954 cap.
1058 2885 1108 2951 tit,
1127 2884 1240 2952 Cumque
1258 2887 1293 2938 ad
1307 2901 1362 2938 eum
1378 2888 1483 2938 carnonis
1504 2887 1589 2940 locum
1604 2889 1774 2963 parentare,

148 2958 234 3011 ranois
256 2955 408 3010 mittebant.
432 2956 497 3012 Erat
520 2959 600 3011 etium
624 2960 710 3013 altare
732 2959 817 3012 licata
841 2957 931 3011 bieria
982 2971 1033 3025 qua
1047 2957 1161 3010 uirorum
1174 2956 1255 3008 solem
1268 2956 1395 3009 recenseri
1410 2958 1523 3010 ncruirnrr.

146 3040 251 3097 semper
269 3025 380 3095 uirginis
400 3038 450 3081 una
471 3043 533 3083 cum
551 3026 609 3096 ejas
630 3028 746 3096 imagine
759 3025 854 3081 iritum
873 3032 968 3096 aur-c
1022 3026 1131 3091 aaran
1144 3026 1328 3079 institutionem
1343 3027 1369 3078 iu
1382 3027 1470 3079 eadem
1484 3029 1598 3082 aratoria
1613 3029 1708 3083 tabrrlis
1732 3030 1776 3085 ls-

149 3096 290 3158 pietantia.
317 3095 417 3151 Altaria
440 3097 499 3152 lrrec
519 3101 693 3167 perstiterunt
715 3098 740 3151 in
764 3096 930 3167 Gregoriarro
984 3097 1066 3165 pideis
1078 3096 1235 3151 canaribcre
1249 3097 1318 3167 facit,
1342 3097 1369 3149 in
1382 3111 1433 3165 gnra
1452 3098 1551 3164 faciens
1562 3099 1696 3169 pergulam
1711 3116 1777 3155 cerr·

145 3168 265 3221 oratorio
278 3167 309 3219 ad
325 3174 430 3229 aetatem
446 3182 530 3236 rrsrrne
545 3166 657 3240 Eugenrii
674 3182 748 3235 papae
769 3166 821 3231 ΙΙΙ,
841 3175 871 3221 ut
891 3175 931 3222 te-
982 3166 1042 3222 tulit
1054 3167 1123 3220 dana
1139 3165 1296 3221 diuersarum
1316 3168 1469 3232 specierum.
1493 3170 1637 3235 Gregorius
1653 3170 1775 3241 pontiiea

146 3246 231 3291 statur
246 3236 272 3289 irr
293 3234 478 3303 Descriptiane
499 3239 615 3293 barsrlican
633 3238 766 3293 liatieanre
785 3237 930 3293 canonieus
981 3238 1103 3293 condidit
1117 3239 1263 3291 araunium
1286 3239 1361 3306 juata
1386 3237 1524 3292 basilicam
1549 3241 1618 3295 beati
1635 3240 1720 3305 l‘etrl,
1744 3249 1776 3297 st

148 3311 300 3371 ttonnanus,
321 3307 366 3375 qni
386 3315 441 3363 turn
463 3309 592 3372 interluit,
608 3323 680 3372 cunr,
701 3307 813 3378 jubente
834 3307 930 3363 eadem
983 3309 1010 3363 in
1025 3324 1058 3363 eo
1077 3308 1210 3364 eastrrrntit
1234 3309 1392 3380 pergulam,
1418 3306 1444 3361 in
1458 3324 1510 3377 pua
1537 3312 1675 3377 proposuit
1700 3310 1775 3367 reru

148 3377 275 3448 Eugcoio,
288 3377 396 3446 antiqua
416 3377 509 3433 ultania
530 3378 617 3433 diruta
636 3378 752 3440 luerunt,
773 3377 863 3447 ibique
882 3392 931 3432 no·
982 3381 1051 3433 dana
1066 3394 1080 3431 a
1097 3393 1127 3434 se
1141 3377 1241 3432 oblata.
1263 3379 1289 3431 ln
1305 3379 1428 3434 aeclesiis
1443 3378 1555 3434 donaria
1570 3382 1660 3435 abluta
1674 3396 1776 3452 prapa-

147 3463 236 3503 numa
252 3446 431 3504 initiamentis
443 3450 601 3504 ercitatum.
624 3448 658 3504 Ut
670 3460 759 3503 antem
775 3449 826 3503 inor:
841 3460 931 3503 urrato·
982 3459 1081 3503 rruntur
1096 3453 1122 3503 in
1139 3463 1185 3516 per
1205 3450 1257 3502 ola.
1283 3451 1408 3504 anastas.
1425 3448 1488 3502 inin.
1506 3452 1555 3505 irae
1578 3452 1657 3506 ioco:
1681 3450 1773 3507 tiru-

145 3519 213 3578 nium
237 3519 263 3572 io
286 3518 345 3573 dies
368 3520 453 3601 magis
475 3536 507 3573 ac
531 3520 616 3585 nragis
636 3520 698 3575 cmii
724 3528 779 3573 tum
799 3516 930 3573 ditaretur
981 3537 1026 3589 per
1040 3525 1154 3573 eamdem
1203 3519 1284 3573 sidem
1298 3534 1386 3573 eruces
1400 3530 1533 3591 argenteas
1557 3529 1773 3582 tremescentem

145 3587 289 3656 tulirugio,
311 3588 395 3643 voluit
418 3591 488 3645 rdctn
509 3588 656 3658 Gregorius
678 3588 812 3644 putatitiae
835 3604 928 3643 eoram
980 3592 1077 3655 quein
1092 3599 1239 3644 ornamento
1259 3590 1380 3659 pergatis,
1395 3607 1440 3644 seu
1454 3592 1488 3645 ad
1502 3593 1681 3647 aestesalteris
1696 3593 1770 3647 ardi-

143 3659 311 3714 celebritates
323 3660 439 3728 qnotidie
452 3660 587 3715 solemnes
602 3674 663 3715 easc
675 3659 761 3714 sacris
773 3658 869 3714 triliciis
883 3674 930 3726 per
981 3672 1049 3714 nata
1061 3670 1131 3715 srrrnr.
1145 3661 1184 3714 iia
1200 3661 1322 3715 alludens
1335 3659 1505 3722 Tertulliano..
1529 3664 1636 3718 advers.
1654 3664 1772 3719 labad-

104 3771 111 3785 .
144 3730 287 3784 rnonaciros
303 3731 382 3784 trium
398 3731 621 3785 monasteriorum
636 3729 664 3784 in
679 3728 804 3784 Vaticana
820 3730 930 3785 basilica
981 3732 1065 3795 triane,
1093 3746 1152 3798 cap.
1170 3732 1203 3783 l:
1219 3732 1286 3786 Aliis
1296 3743 1372 3797 argue
1384 3732 1442 3786 aliis
1452 3733 1564 3803 pergrrlis
1578 3734 1774 3800 superstructis,

145 3800 199 3855 lieo
214 3802 407 3865 inservientes,
422 3800 616 3871 persolvendis.
633 3800 887 3857 bsacerdatenera
901 3801 929 3855 in
979 3810 1003 3854 et
1019 3802 1153 3871 unicuique
1176 3800 1231 3856 lias
1246 3819 1290 3869 per
1304 3801 1409 3855 tanmem
1423 3805 1508 3858 accim
1526 3804 1678 3859 distributis.
1708 3802 1775 3861 Par·

142 3871 236 3925 eadem
251 3870 369 3925 aratoria
385 3886 442 3925 rern
456 3885 560 3925 sacram
577 3873 693 3926 iaciente
706 3879 765 3939 port
783 3868 829 3925 illa
848 3885 930 3926 eane
980 3872 1042 3942 gula
1056 3882 1099 3927 est
1122 3875 1197 3927 iocus
1209 3888 1257 3926 seu
1270 3873 1404 3942 appendia
1427 3875 1525 3928 aerliunr
1540 3889 1591 3943 qna
1610 3874 1775 3943 prospicitur

142 3940 183 3995 nis
198 3940 299 3997 rerba:
320 3949 344 3996 et
364 3943 477 3994 omnium
493 3952 640 3994 sanctorum
652 3952 771 4006 tuarum,
790 3941 929 4008 simoentis
980 3945 1006 3994 irr
1023 3943 1169 4010 publicum.
1193 3942 1299 3998 lliutrno
1311 3956 1422 3997 carcere
1434 3947 1563 3999 multatus
1577 3944 1686 3998 Fulvius
1701 3955 1773 4001 wm-

143 4010 248 4065 recitari
264 4028 271 4063 :
289 4008 405 4075 Quarum
422 4010 569 4064 solemnitas
587 4010 663 4064 lradie
683 4012 710 4064 in
730 4020 865 4080 conspecta
877 4022 929 4066 ttrne
980 4027 1044 4079 pore
1056 4013 1118 4068 lrelli
1134 4013 1225 4067 Punici
1242 4028 1269 4077 nn,
1286 4013 1356 4082 qnod
1371 4027 1432 4066 curn
1444 4028 1543 4069 corona
1559 4029 1667 4070 rosacea
1682 4030 1776 4087 epea·

142 4082 281 4148 anaiestatis
295 4081 445 4145 celebretur,
460 4078 567 4132 baurim
580 4079 647 4133 deus
659 4090 753 4143 noster,
767 4082 794 4132 in
806 4090 858 4133 rata
871 4081 930 4135 arbe
978 4083 1040 4149 gula
1055 4083 1083 4136 iu
1099 4081 1186 4138 iorum
1211 4095 1334 4151 spectare
1357 4085 1432 4140 uisus
1445 4095 1527 4139 esset.
1549 4083 1633 4148 Ptin..
1648 4086 1697 4140 lib.
1715 4101 1775 4151 aar,

142 4161 287 4215 terrarunr,·
301 4158 331 4203 nrt
344 4148 440 4204 scribit
453 4149 610 4203 annastasius
626 4149 677 4204 ltoc
691 4152 765 4214 loco,
785 4149 829 4203 cui
849 4151 929 4218 plane
979 4166 1039 4218 cap.
1054 4153 1090 4207 δι
1115 4151 1211 4206 Lucius
1233 4151 1341 4209 Fuluius
1366 4154 1580 4209 retransmeant
1602 4171 1660 4209 esan
1675 4172 1777 4211 corona

143 4230 273 4273 consonat
288 4218 433 4273 Wallridrns
446 4218 542 4273 Strabo
556 4221 672 4288 scriptor
686 4221 757 4287 paris
777 4221 864 4273 utatis
883 4235 929 4275 ca·
982 4237 1085 4275 rosacea
1100 4223 1213 4276 irnterdisr
1228 4240 1242 4276 e
1261 4229 1369 4295 pergula
1389 4241 1436 4279 arta
1458 4226 1485 4279 irr
1500 4226 1585 4296 faram
1608 4229 1776 4296 pro-perissa

142 4286 261 4358 plinii,
281 4288 341 4353 ubi,
364 4287 502 4358 Gregorius
532 4286 579 4343 tii
589 4329 596 4353 ,
619 4289 821 4360 irrouit,sacn'cas
839 4302 927 4344 orata-
978 4296 1060 4347 dietas
1072 4304 1119 4360 est,
1145 4295 1295 4349 sacramente
1314 4308 1419 4351 sensatus
1439 4296 1466 4349 irr
1479 4311 1608 4349 earcersm
1629 4297 1774 4365 samam,

140 4359 208 4411 rinrn
221 4361 248 4412 ia
264 4359 369 4412 basilica
383 4359 450 4412 beuti
467 4360 537 4413 l'etri
551 4361 578 4413 ia
592 4359 714 4414 bonorem
733 4361 850 4413 ananiam
867 4375 928 4415 sarr·
979 4379 1031 4417 nan
1049 4372 1107 4417 ante
1118 4364 1195 4432 pirena
1206 4363 1266 4418 belli
1283 4370 1390 4421 emissus
1400 4374 1450 4422 est.
1473 4368 1591 4434 apellem
1606 4368 1715 4423 anans
1729 4372 1774 4438 pl·

141 4439 254 4491 ararum,
270 4440 293 4482 et
307 4430 456 4497 quotidiana
470 4430 562 4484 ididem
573 4430 661 4500 officia
675 4445 705 4483 ac
726 4432 817 4483 rrrisaas
837 4430 863 4484 n'rs
883 4446 926 4484 ea·
942 4414 1036 4488 Datus
1050 4434 1221 4502 proposuisse
1236 4437 1262 4488 in
1278 4440 1396 4506 pergula,
1412 4448 1439 4491 et
1454 4448 1513 4504 post
1527 4438 1630 4491 tabulas
1645 4438 1774 4505 latuisse,

141 4514 198 4550 rurn
220 4499 406 4553 uenerationem
428 4500 582 4554 constituens
607 4500 744 4567 adebrari,
768 4501 876 4553 instituit
898 4502 926 4554 ia
978 4512 1008 4557 nt
1023 4505 1220 4560 transeuntium
1233 4505 1332 4574 iudnriu
1346 4510 1501 4575 exciperet,
1525 4507 1618 4561 scribit
1633 4508 1708 4562 idem
1721 4508 1775 4567 nt.

141 4583 238 4623 cernane
260 4587 277 4623 a
298 4571 429 4624 emendare
452 4569 609 4624 dicendam:
628 4571 747 4636 Quorum
770 4571 927 4625 solcnrnnnitas
976 4589 1056 4643 rans,
1071 4589 1131 4644 cap.
1143 4578 1177 4631 ll)
1188 4594 1195 4629 ε
1207 4573 1281 4630 idern
1293 4581 1403 4644 perfecta
1413 4593 1493 4645 amsa
1508 4576 1777 4649 proponebatinpsr-

142 4639 221 4696 nodie
240 4640 268 4695 in
288 4651 434 4711 conspectu
454 4652 506 4694 tuan
525 4641 673 4712 majestatis
692 4641 853 4703 celebratur,
875 4640 926 4695 lla·
976 4646 1038 4715 prrla
1056 4646 1253 4710 truaurnanilrnrs,
1275 4659 1350 4715 rrrqae
1372 4658 1429 4715 past
1449 4649 1533 4718 ipsam
1547 4648 1660 4702 tabrrlmn
1675 4649 1715 4702 las
1729 4666 1773 4717 rsa,

141 4711 214 4764 mine
228 4710 297 4767 Deus
311 4724 411 4777 noster,
427 4719 482 4765 toto
496 4713 522 4765 irr
539 4714 603 4767 orire
617 4713 850 4781 terrarum3paad
864 4715 926 4781 arria
976 4715 1037 4769 uitia
1060 4733 1118 4786 qua
1141 4727 1292 4771 notarentur
1311 4718 1481 4771 auscultabat.
1515 4718 1591 4772 Serti
1616 4720 1700 4772 etiam
1722 4734 1777 4775 re·

140 4780 283 4863 specialiter
297 4784 332 4835 ad
344 4782 417 4904 illalnrr
431 4782 538 4905 pearinet
552 4782 737 4907 ulegnritatem,
758 4798 809 4906 ιιᾶιιι
827 4794 864 4836 est
880 4799 925 4835 ca·
975 4801 1038 4840 nortt
1053 4788 1255 4856 exponebantur
1268 4792 1294 4843 in
1311 4791 1434 4857 gergoia.
1447 4789 1557 4843 Plautus
1571 4788 1598 4842 ln
1614 4787 1773 4849 Pseudolo:

142 4868 202 4905 narrt
243 4855 268 4907 nri
308 4855 445 4907 errcraiter
483 4853 559 4907 icitur
582 4869 598 4906 a
618 4863 745 4909 natatum.
778 4852 833 4908 'usn
853 4853 924 4907 enim
1358 4890 1362 4899 -
1390 4891 1395 4901 .

143 4867 432 4990 var-naqpefsuncruno
455 4920 612 4991 Gregorium
628 4923 660 4978 ΙΙΙ
681 4924 802 4978 irrstitrrta
823 4932 924 4977 satura·
990 4886 1028 4937 ΤΒ
1039 4888 1116 4951 '⁹⁸⁰⁰'
1127 4886 1209 4938 ⁰⁰¹¹⁰⁰
1225 4902 1273 4951 ‘³3⁰
1286 4901 1340 4938 ⁰¹²⁵
1352 4892 1436 4940 ’Μ
1449 4890 1581 4953 demun
1591 4893 1614 4939 ⁵⁰
1627 4889 1771 4953 ”mla

143 4992 222 5045 modo
237 4993 262 5045 inr
279 4994 405 5060 predicto
418 4996 536 5048 oratorio
550 5009 565 5047 a
579 4994 720 5048 sacerdote
742 4991 840 5048 diuinis
859 5007 925 5061 ope·
1009 4990 1022 5027 Ι
1038 4989 1167 5046 Gaistlras
1181 5009 1271 5046 aureas
1282 4995 1364 5059 duur,
1384 4995 1561 5049 aliassasicas
1571 5011 1676 5049 acmen
1689 4999 1771 5065 gaia·

142 5072 217 5114 rante
230 5074 320 5117 essem
333 5062 464 5126 dicenda,
480 5065 558 5131 piane
570 5065 690 5133 sequitur
704 5062 816 5129 cannoai,
831 5065 875 5129 eui
889 5077 922 5117 aa
973 5076 1031 5127 aas.
1043 5062 1170 5115 Gabatbun
1179 5074 1241 5116 sunt
1256 5066 1360 5132 patellae
1371 5080 1488 5119 canaan
1500 5080 1577 5128 aura,
1588 5074 1629 5120 net
1640 5078 1770 5135 argenta,

140 5131 261 5196 ipsismet
276 5132 378 5185 bomini
392 5133 492 5198 uerbis,
505 5149 538 5188 ern
553 5134 709 5202 apostolicis
723 5130 921 5200 traditionibus,
974 5132 1015 5185 rel
1034 5147 1101 5197 are,
1117 5132 1143 5185 irn
1159 5135 1254 5199 niuibus
1267 5134 1377 5190 ardebat
1395 5137 1496 5190 oleum.
1523 5139 1648 5191 anastas.
1667 5138 1696 5189 in
1710 5136 1770 5192 lla·

140 5211 218 5269 atqua
231 5216 265 5255 ea
280 5204 489 5256 irrsritutiorrilrus
508 5214 661 5258 sarrctorunr
684 5203 837 5270 pontilicrrrrr
857 5216 922 5255 rasn-
973 5201 1050 5254 nnorlo
1063 5218 1070 5255 ε
1083 5200 1156 5256 Fecit
1166 5214 1190 5256 ct
1200 5203 1422 5273 gaiatirasarrrecs
1431 5215 1549 5274 gsatasr,
1562 5215 1700 5272 pansaalss
1709 5210 1769 5263 sn'sn·

139 5278 209 5331 stan,
222 5270 286 5326 rrilnil
298 5273 409 5325 onnrrnino
422 5280 482 5340 post
493 5280 615 5328 sanetum
629 5273 786 5342 Gregoriuon
798 5271 922 5341 liugnam
972 5274 1047 5338 gulas
1058 5272 1135 5325 rarus
1145 5272 1271 5345 singalas.
1295 5276 1408 5344 Eryman
1422 5277 1539 5333 nominis
1551 5277 1641 5343 signat
1650 5277 1766 5346 l’apias:

54 5384 60 5397 .
137 5341 256 5395 additura
276 5340 620 5411 luisseautinnorutatann,
636 5341 923 5410 irrepuneomernas
972 5340 1338 5416 Gcbetirapatellasasqaasi
1355 5357 1454 5401 canate.
1471 5345 1768 5405 ilinrasPrssia'rsde·

138 5426 191 5466 narr
207 5412 293 5468 rrrirnus
305 5411 434 5482 dignitate
456 5428 534 5482 quarn
554 5413 706 5467 eruditione
726 5410 922 5467 ittusrnisstnrm
973 5414 1042 5467 risus
1059 5412 1318 5483 atramentarium
1341 5416 1471 5472 innanianr
1484 5417 1614 5487 gabstlra,
1640 5416 1701 5473 nice
1716 5432 1767 5486 po·

136 5481 352 5550 archiepiscopus
368 5482 503 5537 itaneunnr
524 5483 702 5550 llierorrymus
721 5479 808 5550 Crispi
830 5479 858 5535 irr
878 5496 921 5537 ee·
955 5481 1036 5548 ¹crrli,
1060 5492 1190 5538 uteretur.
1214 5488 1339 5541 anastas.
1367 5487 1533 5542 lollianam:
1555 5488 1658 5542 Placeas
1677 5498 1766 5545 am

136 5554 221 5604 cunda
247 5554 364 5609 editione
389 5569 477 5608 aurete
501 5551 704 5608 Dissertationis
728 5550 763 5605 de
788 5551 921 5622 llysteriis
971 5553 1030 5623 [ecit
1039 5553 1177 5609 circensem
1187 5554 1285 5620 tudun,
1303 5554 1449 5610 ct-Prasini
1458 5558 1581 5612 comiciis
1600 5573 1659 5612 strm
1678 5560 1764 5615 mass·

136 5622 295 5690 enarrgelice
310 5625 395 5699 legis,
412 5638 473 5693 pag.
490 5623 555 5693 lili,
576 5638 652 5693 gua,
667 5622 701 5676 ad
721 5620 871 5691 proiectum
885 5622 919 5677 it-
970 5638 1025 5677 serc
1047 5636 1263 5692 masampscrrmt
1284 5628 1452 5682 damnares:
1476 5626 1511 5681 ins
1532 5629 1645 5698 gabatas
1666 5630 1764 5693 flium,

134 5691 186 5743 lius
208 5692 273 5747 cleri
296 5694 411 5761 prrinuuru
433 5694 610 5761 concinnata,
631 5691 674 5748 bis
689 5694 826 5750 communi
846 5692 919 5748 borno
971 5693 1061 5749 iterum
1080 5709 1182 5751 ssnssna
1202 5696 1345 5764 perdidisti.
1372 5700 1420 5754 list
1432 5699 1567 5769 quoddam
1582 5713 1668 5771 genus
1681 5705 1767 5773 gaba-
