3832 6114
113 307 161 363 ιιι
681 298 724 367 uu
743 307 912 367 usuumus
932 304 1173 365 ttttutstrurts.
1337 299 1343 315 ⁸
1698 298 1747 354 tta

113 422 300 483 lsettedictlone
314 422 461 480 lecttudans
473 424 601 481 famelicis
615 425 686 496 tulgi
701 425 805 491 turmis,
818 423 901 480 salti-
914 421 938 480 Δ
953 419 1119 489 baptismatis
1143 424 1216 478 tonte
1242 432 1350 480 renatos
1365 425 1505 482 visibiliter
1530 430 1656 500 angelicis
1677 446 1746 502 pcr-

114 517 255 586 huiusque
267 526 382 585 quatuor
396 516 533 570 mensibus
548 530 608 571 cum
632 517 709 586 panis
729 515 804 584 copia
820 516 904 585 plebis
955 510 1005 567 lrui
1028 515 1216 585 conspectibus
1240 513 1315 582 lecit,
1339 517 1436 586 quihus
1460 517 1581 574 coelicola
1607 522 1642 576 ab
1665 525 1744 578 astris

113 610 233 680 inoptam
248 603 430 662 retoctttuuus
443 608 478 661 ab
497 607 661 662 imminentis
685 608 761 662 lamis
775 606 862 662 inedia
877 614 906 661 et
955 606 1102 663 destinatus
1123 608 1293 664 condidisse
1311 611 1451 680 purpureis
1464 620 1589 667 contorta
1606 623 1678 669 serta
1694 616 1743 670 tlu-

113 701 272 758 dlscrimine
293 697 457 765 delendunt;
474 698 525 753 huc
539 698 607 753 idem
627 699 660 752 de
675 697 754 752 larris
767 696 854 752 simila
877 703 906 752 ct
955 701 1029 756 ribus
1041 701 1152 756 obtulit:
1165 701 1245 769 istas,
1260 702 1394 772 inquiens,
1406 717 1519 757 coronas
1533 705 1703 760 immaculato
1716 713 1744 760 ct

115 792 227 863 polline,
241 790 376 860 simulque
386 802 478 844 crassa
491 788 544 844 olei
567 789 726 858 pinguedine
739 788 834 845 lesisse
848 803 905 844 me-
955 791 1055 847 muudo
1079 805 1193 861 corpore
1207 795 1356 863 custodite,
1372 795 1432 866 quia
1447 797 1482 850 dc
1495 796 1621 866 paradiso
1636 796 1682 852 bei
1697 810 1743 853 cas

115 890 246 939 moratur.
262 881 291 934 ln
306 879 389 949 priori
404 879 513 948 quidem
529 878 659 934 miraculo
677 879 783 944 corbes,
808 889 835 932 et
860 879 906 934 tis·
957 881 990 936 ad
1008 896 1056 937 sos
1071 884 1157 938 attuli.

113 973 201 1030 cellos
214 972 336 1027 imitatur
358 970 535 1040 euangelicos.
561 970 590 1025 lu
616 971 734 1026 secundo
758 958 905 1025 lechithum
992 973 1060 1028 llbl.
1082 975 1134 1029 Sed
1150 983 1177 1030 et
1191 975 1385 1032 celeberrimus
1398 977 1508 1049 uirginis
1525 977 1636 1050 Agathe
1650 994 1744 1035 rttmnt·

116 1064 180 1129 olei,
196 1071 223 1118 et
236 1060 366 1132 pugillum
380 1061 474 1116 larium
486 1059 519 1115 ab
542 1059 615 1115 liclia
642 1062 769 1131 propheta
785 1060 906 1116 lecuudte
956 1079 987 1119 ea
1003 1071 1161 1133 tempestate
1183 1066 1351 1135 longiuscule
1365 1068 1557 1134 crebrescens,
1571 1083 1622 1140 qua
1637 1071 1743 1126 hloclc·

116 1153 315 1209 benedmmuis
331 1151 745 1223 ubertatcrelertosaquiparat.
958 1152 1046 1206 tiattus
1078 1152 1225 1221 imperator
1256 1165 1376 1222 attgustau
1401 1158 1540 1224 potestatis
1559 1160 1744 1216 monarchiam

154 1241 211 1298 XL.
232 1240 353 1312 liapletls
372 1241 461 1310 igitur,
489 1239 552 1296 licet
579 1243 744 1308 autumatim
766 1241 906 1296 masculini
957 1241 1274 1311 gubemaus,ttuculeuta
1283 1251 1474 1297 tormentorum
1488 1245 1574 1300 edicta
1583 1249 1744 1303 orthodoxa

114 1343 201 1388 sexus
215 1331 355 1402 exemplis,
369 1332 415 1402 qui
429 1345 599 1402 nequaquam
621 1332 777 1387 nutabundo
797 1332 906 1403 integri·
958 1334 1018 1388 hdci
1034 1331 1180 1389 cultoribus
1202 1333 1352 1402 irrogabat,
1380 1344 1461 1391 totam
1475 1336 1620 1392 Ttiuucriae
1635 1341 1745 1408 proris·

115 1424 184 1478 tatis
205 1421 378 1477 laudamento
400 1428 482 1476 castae
505 1421 719 1478 conversationis
742 1431 906 1478 strttcturam
958 1424 1026 1480 citm
1051 1424 1214 1494 penetrauit,
1230 1425 1307 1493 cujus
1323 1425 1481 1496 iutegritatls
1496 1429 1680 1485 castimoniam
1695 1440 1747 1487 usu

116 1513 328 1578 sustentabant,
341 1512 375 1567 ad
390 1512 503 1584 inclytas
517 1512 610 1568 itidem
624 1512 734 1568 secundi
748 1527 831 1568 setus
845 1529 907 1584 pur·
959 1518 1140 1573 membrorum
1164 1517 1283 1572 crudelis
1310 1517 1468 1573 dilaceratio
1490 1531 1672 1589 compescere,
1696 1537 1746 1576 nec

118 1621 212 1673 cottas,
244 1620 305 1676 quse
333 1605 360 1660 ln
386 1615 487 1662 sanctae
514 1606 674 1677 virginitatis
710 1607 908 1676 perseuerantia
959 1608 1083 1663 lictorum
1107 1608 1746 1679 atrosretatiopracpcdire,nccacrutestuls·

121 1696 264 1754 tuussibttt
297 1698 397 1753 mentis
427 1699 515 1769 rigore
547 1712 737 1769 usquequaque
762 1700 910 1755 duruerunt
960 1712 1020 1754 rum
1037 1697 1167 1769 fragmina
1190 1699 1334 1770 iufringere
1355 1699 1395 1755 sel
1418 1701 1518 1755 torridu
1542 1702 1689 1758 carbonum
1704 1706 1747 1759 iu·

118 1786 222 1862 saort,
245 1787 420 1860 durauerant]
448 1789 591 1844 uerborum
616 1789 752 1860 gressibus
775 1789 908 1860 gradatim
924 1766 947 1827 Β
961 1789 1054 1844 cendia
1080 1790 1212 1846 ullatenus
1226 1792 1333 1846 sineere
1346 1792 1506 1847 valuerunt:
1524 1796 1589 1862 quin
1611 1796 1700 1863 potius
1717 1804 1747 1850 ut

118 1880 278 1948 spatiantes,
292 1881 328 1934 ab
342 1879 444 1935 eisdem
461 1880 659 1949 pulcherrimos
680 1879 815 1948 pudicitie
829 1879 909 1935 liores
960 1877 1147 1933 adamantinus
1169 1879 1296 1948 scopulus
1310 1889 1402 1935 contra
1416 1880 1489 1936 illata
1513 1883 1667 1938 caruilicum
1690 1893 1749 1939 tor·

120 1973 237 2028 feliciter
262 1984 375 2042 carpere
402 1972 609 2029 contendamus.
640 1974 779 2039 Quatenus
804 1982 910 2027 aeterum
961 1977 1053 2024 menta
1068 1969 1139 2026 terro
1158 1969 1252 2024 tortior
1271 1970 1403 2037 iuulttruit;
1425 1974 1502 2039 cuius
1522 1975 1559 2028 rei
1573 1973 1745 2039 documenta,

121 2062 296 2118 beatitudiuis
319 2077 448 2121 coronam
475 2063 522 2117 illo
546 2062 694 2118 clementer
721 2062 909 2118 adminiculum
962 2072 989 2116 et
1013 2076 1065 2116 non
1093 2062 1162 2116 fictu
1185 2061 1307 2117 ueritatis
1330 2062 1427 2117 indicia
1450 2065 1558 2121 Siculus
1581 2067 1747 2137 iudigouact

120 2152 264 2222 patrocinii
278 2161 442 2224 prestante,
459 2154 504 2223 qui
519 2155 593 2225 uirgo
607 2168 640 2208 ex
656 2153 767 2224 uirginis
782 2153 842 2208 also
864 2167 911 2209 ua·
963 2152 1141 2209 Gallicuensis
1156 2152 1246 2223 oppidi
1262 2154 1400 2221 municeps
1414 2157 1586 2212 concorditer
1599 2160 1746 2228 astipulan-

120 2244 215 2312 nitur,
229 2254 258 2301 ιι
271 2244 431 2314 protoplasti
456 2244 560 2319 illudi„
575 2247 726 2301 nasciturus
750 2243 833 2317 prot]
851 2248 909 2315 pia·
963 2252 1014 2298 tur.
1038 2243 1168 2311 Quicum
1190 2243 1282 2298 [thum
1305 2245 1403 2299 montis
1428 2245 1550 2301 incendia
1573 2247 1669 2302 latillis
1694 2251 1749 2305 tata

121 2335 369 2406 concupientes
387 2335 469 2392 totius
487 2335 579 2391 mundi
597 2345 695 2391 statum
711 2335 858 2406 profligatis
873 2344 912 2392 te·
962 2336 1170 2390 scintillantibus
1195 2335 1331 2403 bullirent,
1356 2336 1559 2408 sulphureisque
1578 2338 1750 2395 flammarum

122 2425 268 2482 crebrarum
295 2425 462 2496 principibus
484 2426 589 2492 beatit,
610 2424 787 2481 inextricabili
811 2428 912 2494 plectro
961 2425 1047 2493 globis
1072 2424 1170 2481 lemida
1195 2424 1351 2481 torrentium
1366 2426 1474 2482 tlumiua
1499 2429 1525 2483 itt
1540 2443 1659 2499 preceps
1681 2446 1750 2486 cura·

123 2514 285 2585 plumemus,
310 2523 338 2570 et
361 2515 587 2584 querttadmodum
611 2515 714 2585 pridetn
741 2528 774 2569 es
797 2523 912 2584 utroquo
963 2517 1047 2570 sentia
1072 2517 1245 2586 crepitarent,
1266 2532 1369 2572 sacram
1393 2520 1549 2590 sarcophagi
1564 2522 1680 2576 tumbata
1694 2538 1748 2594 qua·

124 2614 348 2660 testamentorum
369 2612 461 2658 tenure
476 2603 629 2673 principalis
645 2605 709 2658 tanti
726 2617 808 2660 serus
821 2618 912 2659 exem·
963 2607 1093 2676 virginale
1106 2607 1295 2676 corpusculum
1309 2606 1498 2674 claudebatur,
1511 2611 1587 2679 quasi
1606 2612 1686 2666 turris
1699 2615 1750 2667 ob·

125 2701 171 2771 pia
180 2699 291 2754 castitati
301 2698 474 2769 congruentia
483 2698 676 2767 congessimus,
690 2697 911 2767 cuipotissimutn
962 2700 1109 2766 staculum,
1131 2708 1156 2754 et
1173 2699 1241 2753 muri
1265 2700 1494 2770 propugnaculum
1517 2703 1627 2758 ruituris
1648 2703 1752 2774 ignium

127 2788 436 2859 praeeterissirtututu
451 2787 659 2843 charismatibus
674 2786 801 2857 rirgluale
816 2800 912 2857 propo·
964 2790 1092 2845 imbribus
1111 2798 1305 2858 opposuerunt,
1320 2798 1349 2845 et
1372 2805 1433 2846 mox
1458 2792 1605 2848 horrendus
1628 2792 1747 2851 locorum

125 2881 207 2935 situm
221 2881 330 2950 superui
344 2879 412 2935 atria
432 2878 548 2949 paradisi
564 2887 590 2934 et
603 2880 723 2936 etelestis
737 2880 812 2949 regni
833 2880 914 2935 sesti·
964 2879 1073 2934 ardores
1097 2878 1174 2933 obuia
1198 2893 1311 2948 quaeque
1336 2889 1513 2944 crematuros,
1538 2889 1567 2935 et
1594 2882 1753 2951 liquefactas

126 2969 445 3040 bolapstelecit,eodem
460 2968 914 3038 modoiulemittiulsesusprosa·
965 2969 1135 3038 scopulorum
1158 2969 1299 3039 congeries
1322 2978 1461 3024 roratums
1490 2970 1562 3026 dicto
1584 2972 1661 3027 citius
1686 2988 1748 3031 cum

127 3063 184 3134 pia,
208 3063 280 3118 tirat
301 3061 368 3117 iuba
392 3062 583 3130 experimentis
605 3060 818 3130 astipulabimur,
830 3059 912 3116 uber·
924 3089 951 3156 e
965 3060 1077 3129 virginis
1089 3058 1213 3130 suhrsgto
1226 3060 1373 3128 sopierunt.

127 3158 196 3211 sirus
210 3154 346 3226 pudicitia
367 3153 529 3210 documenta
552 3154 667 3210 solerter
689 3153 832 3209 enucleare
845 3155 914 3208 uita·
1001 3149 1082 3205 Xlll.
1107 3148 1171 3204 llhi
1193 3163 1299 3220 quoque
1322 3164 1412 3221 operm
1435 3150 1547 3220 pretium
1574 3152 1697 3219 ridetur,
1720 3162 1751 3208 ut

127 3261 198 3303 mur.

165 3338 203 3393 Eu
218 3336 320 3410 [butu
334 3333 458 3407 llciudel,
469 3343 586 3404 utsupra
602 3335 751 3399 rettulimus,
768 3334 844 3392 beata
856 3335 914 3394 dla-
967 3332 1100 3403 preconia
1115 3332 1319 3402 subsequantur,
1335 3346 1401 3403 quas
1417 3341 1564 3403 ptruceptor
1578 3344 1606 3390 et
1627 3334 1753 3405 padago-

128 3429 181 3495 sia,
192 3431 268 3501 uirgo
281 3437 420 3498 perpetua,
436 3427 528 3482 bouus
542 3426 694 3495 conclusus,
710 3428 769 3484 lons
783 3430 912 3499 signatus,
966 3439 1016 3492 gus
1030 3433 1123 3478 noster
1137 3421 1281 3491 Gregorius
1306 3422 1332 3476 in
1351 3437 1453 3479 canone
1464 3424 1628 3492 quotidiano,
1643 3427 1752 3494 quaudo

129 3522 233 3593 virgula
256 3520 355 3578 radicis
371 3539 377 3574 :
391 3520 482 3591 gerula
506 3519 591 3583 lloris,
615 3533 709 3575 ausura
733 3519 809 3585 solis,
833 3535 916 3576 nurus
968 3513 1110 3569 missarum
1136 3512 1268 3567 §dlemllli
1290 3511 1466 3577 celebrantur,
1490 3512 1589 3581 baillet
1611 3515 1754 3582 tantilem

129 3613 224 3680 patris,
236 3610 358 3681 genetrix
376 3619 405 3664 ct
418 3622 544 3679 germana
560 3607 605 3662 tllii
620 3608 751 3676 simulque
772 3622 870 3679 sponsa
884 3621 916 3664 ac
968 3604 1150 3675 cognoscitur,
1174 3603 1226 3658 buc
1246 3603 1326 3659 modo
1345 3603 1372 3658 iu
1391 3603 1512 3672 catalogo
1535 3613 1680 3674 martyrum
1704 3617 1755 3673 po-

130 3700 193 3756 lelix
206 3699 359 3766 uerrucula,
373 3709 526 3755 sanctarum
541 3712 635 3755 socrus
649 3699 808 3763 animarum,
822 3714 916 3769 super·
969 3710 1046 3761 tens,
1058 3693 1208 3758 Felicitate,
1221 3692 1372 3757 Anastasia,
1387 3692 1499 3762 agatha,
1515 3692 1606 3757 tuctu,
1619 3703 1753 3761 quatenus

131 3805 232 3847 norom
249 3791 341 3859 regius
359 3789 473 3856 citium,
487 3790 611 3845 coluutba
631 3790 703 3844 iuter
717 3805 751 3843 ux
766 3789 871 3859 reginas
891 3797 919 3844 et
969 3797 1136 3853 nequaquam
1152 3781 1299 3836 litterarum
1315 3780 1385 3835 seris
1399 3789 1599 3848 sequestrentur
1613 3795 1673 3850 quae
1686 3796 1752 3838 con·

134 3881 180 3938 bis
198 3880 384 3950 quadragenas
396 3881 510 3949 pellices,
527 3888 637 3950 propter
651 3894 768 3949 perennc
790 3877 915 3947 puritatis
971 3873 1061 3930 tribuli
1077 3871 1176 3943 populo
1190 3869 1260 3939 apud
1275 3869 1393 3925 Siciliam
1408 3871 1505 3939 genitae
1517 3871 1596 3926 simul
1611 3872 1638 3927 in
1652 3871 1759 3931 ctelcstl

134 3973 325 4045 priuilegimn,
349 3971 469 4028 obsidem
490 3973 593 4038 saculi,
618 3971 789 4026 monarcham
814 3968 915 4043 tuost,
970 3964 1055 4034 gloria
1082 3960 1259 4032 gratulantur.
1276 3959 1381 4017 Etenim
1396 3959 1465 4014 sicut
1476 3958 1646 4017 cathenense
1667 3963 1756 4017 muni·

134 4062 320 4135 monarchum]
343 4061 446 4129 mttutli,
469 4071 600 4118 rectorem
623 4060 693 4131 puli,
719 4060 917 4129 redemptorem
970 4055 1069 4124 ciprum
1084 4066 1140 4121 prm
1161 4048 1424 4113 cauteris'lrltltcilffl
1438 4050 1670 4120 urbibutbstlltae
1684 4065 1756 4108 mar·

136 4154 200 4219 soli,
233 4154 392 4225 archangelo
424 4157 625 4223 pronuntiante,
655 4151 794 4207 Paraclsto
823 4151 920 4206 oham·
973 4141 1338 4217 tyrioielicitercoronatur,
1353 4139 1389 4194 ita
1405 4139 1590 4196 lamosissimae
1601 4140 1700 4196 curisti
1722 4142 1757 4196 ti-

136 4245 241 4309 braute,
252 4244 407 4316 precordiis
420 4243 640 4314 tripudiantibus,
654 4241 769 4298 tuticttor
780 4244 919 4312 suscipere
973 4235 1090 4291 tuttculae
1109 4232 1199 4289 1:⁰⁰1ae
1223 4231 1395 4302 iltael0tl³lll³
1410 4229 1553 4303 sillem
1574 4228 1698 4300 oppidum
1714 4230 1758 4284 Sl·

135 4336 241 4393 mersit.
258 4336 355 4392 lerum
371 4335 438 4391 mihi
452 4336 486 4392 de
504 4335 595 4390 llariae
610 4344 735 4405 perpetua
750 4335 916 4405 virginitate,
973 4326 1040 4381 cilia
1056 4324 1191 4393 prosperis
1204 4320 1370 4377 successibus
1384 4319 1632 4396 sublimatumque
1646 4318 1758 4390 genitri-

966 3251 1065 3298 tattctae
1081 3238 1191 3312 bgatltre
1212 3256 1334 3296 rumores
1355 3242 1513 3298 castissimae
1533 3243 1642 3313 virginis
1661 3245 1751 3299 Lttcie

137 4427 358 4497 quantumst
373 4426 510 4482 sermonis
532 4426 726 4494 receptaculum
750 4427 825 4494 uirgo
849 4425 919 4481 lavo·
933 4431 962 4494 ῃ
975 4431 1033 4473 cetu
1048 4415 1150 4486 prolixa
1165 4412 1316 4469 valetudiue
1337 4410 1473 4482 fatigatam
1489 4421 1516 4465 et
1529 4410 1632 4465 meritis
1647 4411 1758 4493 hgotbm

139 4519 230 4574 rabilis
263 4518 378 4585 exstitit,
398 4526 507 4586 etpost
528 4518 648 4573 coelestis
663 4519 795 4587 puerperii
820 4531 921 4587 preco·

138 4612 209 4666 aitrau
222 4609 298 4680 uirgo
310 4609 483 4666 favorabilior
498 4611 655 4680 permansit,
669 4612 781 4668 sollicite
794 4612 921 4668 scribenti

138 4711 247 4773 tepeme
258 4701 292 4759 sd
304 4699 463 4761 turbariam
479 4701 568 4775 rediit,
588 4703 723 4778 quomodo
733 4703 831 4756 ticcitia
847 4703 920 4771 uirgo

136 4793 316 4850 sacratimima
340 4793 441 4850 iudalts
462 4796 609 4868 jugalitatis
630 4798 776 4864 consortia,
798 4811 830 4853 ac
844 4805 920 4865 pacta

138 4883 212 4951 proci
236 4884 373 4954 sponsalia
396 4885 508 4941 obtcutu
531 4886 664 4942 castitatis
688 4887 826 4953 refutans,
851 4887 924 4941 velut

135 4988 232 5044 spurca
247 4973 403 5030 latrinarum
418 4987 592 5047 purgamenta
606 4977 730 5033 laudabili
744 4977 853 5046 spiritus
867 4974 921 5034 btr-

136 5049 203 5122 rore
215 5067 416 5136 contempserit,
431 5067 596 5137 dispexerit,
617 5069 765 5137 respuerit;
780 5082 840 5135 quau
862 5067 925 5124 lieet

137 5157 263 5225 sugamus
287 5156 329 5211 bis
350 5157 545 5227 quinquagenis
568 5168 595 5212 et
620 5168 661 5213 ter
685 5157 773 5227 qttittis
797 5170 923 5211 sonorum

137 5243 251 5301 vocibus
263 5254 441 5312 concreparet
454 5247 606 5311 inarmonia,
620 5261 652 5301 sc
664 5247 687 5302 si
702 5246 837 5302 letbilerus
855 5247 925 5302 sire·

138 5348 235 5389 aarum
256 5343 406 5390 concentus
430 5351 491 5392 cum
514 5337 670 5405 inexpertos
684 5352 804 5407 quosque
817 5339 850 5392 ad
865 5337 926 5393 rita

141 5423 260 5493 pericula
272 5425 443 5493 pellexerint,
457 5427 509 5482 sub
522 5435 652 5497 praetentu
665 5427 826 5496 integritatis
838 5428 926 5483 sttrdis

142 5514 253 5570 asrihtu
267 5517 446 5573 auscultabat.
465 5518 643 5586 Quamobrem
658 5534 764 5587 prorum
779 5521 925 5590 proprium,

140 5619 170 5664 et
192 5608 324 5674 lu'turutu,
343 5611 367 5666 si
386 5611 547 5683 uirginitatis
568 5611 672 5666 lortuua
693 5622 838 5681 pateretur,
862 5613 929 5668 leri·

138 5715 214 5767 runt,
228 5714 243 5754 a
256 5704 442 5774 supcrstttosa
456 5703 628 5762 delubrorum
642 5703 745 5759 cultura
759 5714 928 5774 cortrcrtcus,

975 4513 1065 4564 ariro
1083 4507 1186 4563 cruoris
1205 4513 1324 4559 cursum
1342 4519 1402 4558 curn
1425 4502 1577 4557 alternatim
1601 4499 1757 4555 contabula-

975 4595 1256 4668 rcnturhujuscemodi
1269 4592 1392 4664 precibus
1403 4590 1589 4662 interpellans:
1601 4590 1651 4645 Per
1662 4591 1757 4658 ipsam,

975 4690 1079 4758 iuquit,
1104 4699 1131 4744 te
1152 4688 1300 4758 deprecor,
1325 4699 1384 4754 quta
1409 4694 1434 4739 tc
1458 4684 1584 4747 saltarit,
1600 4695 1634 4736 ue
1649 4688 1676 4733 tu
1691 4678 1757 4732 milti

975 4795 1103 4857 sprituum
1128 4781 1260 4842 uomiucs,
1285 4791 1335 4831 uec
1348 4776 1381 4831 de
1396 4789 1455 4828 meu
1472 4773 1627 4842 posteritate
1642 4772 1761 4852 fructum

976 4871 1146 4932 prspusutttatis
1158 4868 1296 4936 iuqulras,
1310 4865 1357 4920 sed
1371 4863 1460 4916 omnia
1475 4876 1535 4930 quta
1550 4861 1613 4914 milti
1635 4859 1708 4913 euttti
1724 4857 1759 4913 ad

975 4967 1155 5036 corruptionis
1184 4976 1253 5019 meac
1282 4968 1417 5012 auctorem
1442 4952 1576 5007 homiuem
1602 4950 1760 5008 moriturum

976 5056 1187 5117 cracuaensem
1202 5055 1265 5109 mitti
1280 5045 1352 5108 eunti
1365 5045 1397 5098 ad
1412 5042 1571 5114 integritatis
1586 5057 1652 5102 meu
1667 5052 1761 5101 aucto·

978 5164 1036 5204 rtuu
1062 5145 1162 5220 illudi,
1190 5143 1339 5212 auctorem]
1360 5132 1502 5194 bottt'tuuut
1530 5145 1649 5193 nostrum
1669 5137 1762 5194 losum

979 5239 1126 5295 christum.
1141 5233 1224 5288 llatre
1247 5231 1326 5301 igitur
1349 5229 1550 5295 cottseutiettte,
1567 5229 1596 5284 ht
1608 5243 1697 5284 retum
1718 5241 1761 5283 rs·

980 5334 1086 5401 peutiuu
1112 5327 1269 5392 distractio,
1299 5341 1421 5382 arcarum
1451 5324 1573 5381 clustella
1600 5327 1761 5385 reserantur,

982 5435 1135 5479 mancorum
1151 5419 1285 5488 marsupia
1300 5419 1453 5490 replentur;
1468 5413 1604 5485 sponsalia
1619 5420 1763 5481 erogantur

980 5512 1136 5584 crepundia,
1156 5518 1185 5564 et
1208 5510 1268 5565 coeli
1292 5515 1479 5579 comparantur
1501 5502 1632 5566 triclittia;
1648 5515 1679 5555 ac
1694 5502 1756 5555 dum

982 5605 1089 5662 carnale
1110 5604 1236 5672 stirpatur
1250 5600 1452 5672 patrimonium,
1475 5594 1613 5666 spirituale
1626 5604 1766 5649 excreetur

984 5696 1198 5754 mercimonium.
1214 5692 1311 5750 l'ctum
1325 5705 1372 5761 pro
1386 5686 1539 5760 lutjttsntodi
1554 5685 1670 5759 uttgotiu,
1687 5700 1765 5756 spuu-
