3832 6114
167 292 222 349 ais

168 410 249 464 Tetro
261 404 330 460 lraud
341 401 447 461 lallstur
456 401 514 459 ialsi
526 403 711 474 phantasmate
724 404 834 461 zambri

166 499 226 554 llos
241 498 320 569 igitur
334 494 403 550 tauri
416 503 577 564 prostratum
595 509 680 552 morte
694 499 809 554 cadauer

164 591 284 648 Suscitat
293 588 407 645 exsertis
417 587 559 644 absolvens
569 590 673 644 uincula
688 589 778 655 nodis,
805 570 816 592 ’

163 683 199 738 Et
208 666 434 737 uritem'arnrenro
448 680 510 736 iecit
524 683 668 737 succedere
679 693 792 737 ιιιιιιιιιι.

161 773 232 830 'inm
246 771 335 842 populi
348 771 446 840 passim
462 771 613 826 clamabant
628 787 693 829 sore
704 773 863 841 Tonantem,

162 863 316 918 Laedentes
332 860 472 916 [lominum
485 871 626 930 eoeperunt
641 864 730 918 dicere
740 872 842 935 grates.

163 954 212 1010 liic
228 954 288 1020 luit,
301 961 332 1009 ut
345 953 439 1020 iertur,
452 968 543 1010 comes
557 955 719 1026 integritatis
731 956 856 1031 adeptus,

161 1047 254 1104 Donec
264 1060 417 1116 supremam
432 1045 572 1102 claudebat
585 1055 706 1116 temporo
717 1047 807 1103 ritum.

198 1136 253 1193 list
267 1119 458 1194 Consmmmus
469 1138 602 1208 quondam
615 1139 745 1208 presagia
761 1148 844 1206 certa,

54 1234 62 1239 ’
161 1230 251 1299 Atque
266 1229 413 1284 luturarum
424 1229 535 1284 rimetur
550 1230 652 1284 sornnia
668 1244 768 1296 rerum,

160 1320 265 1376 Culcita
274 1321 337 1376 durn
350 1320 447 1390 plumis
460 1321 570 1390 Augusti
585 1330 718 1377 sterneret
731 1330 815 1388 artus.

159 1412 283 1468 Cernens
295 1421 424 1468 matrone
438 1426 541 1482 rugosae
556 1411 625 1467 lorte
638 1411 748 1482 liguram

159 1503 234 1559 Vidit
247 1504 273 1559 ln
289 1504 374 1561 extasi
389 1503 537 1559 deformem
548 1502 637 1559 lronte
647 1510 762 1568 uetusta,

157 1594 264 1649 cernua
279 1609 339 1665 que
353 1592 475 1666 graditur
485 1593 605 1649 tremulis
619 1590 716 1663 agitata
732 1591 849 1646 lacertis.

158 1684 272 1754 lusuprr
286 1686 355 1739 trane
369 1683 526 1754 mesticiam
540 1697 599 1739 sors
611 1682 736 1738 multaret
746 1679 854 1747 acerba,

156 1776 276 1846 ltnperat
287 1776 397 1833 illustris
410 1791 499 1848 regern
509 1790 634 1833 sermone
643 1774 771 1831 sacerdos

155 1867 297 1939 Sglvester
308 1868 511 1925 constaminum
526 1868 664 1938 decrepita
679 1868 799 1923 membra

157 1959 277 2016 Suscitet
290 1966 319 2015 ut
331 1960 428 2015 vetule
442 1974 534 2015 mrsus
548 1941 608 2015 c⁰urn
623 1959 723 2030 sospite
737 1957 801 2012 rita.

156 2048 234 2105 Tube
244 2051 313 2120 regis
326 2049 450 2121 precibus
461 2048 577 2105 surrexit
587 2050 655 2105 bella
672 2050 770 2120 puelia,

156 2140 245 2208 οιιιιιι
256 2141 330 2210 prius
341 2138 442 2210 ethgies
455 2141 579 2210 turpabat
591 2151 665 2196 torsa
681 2151 807 2198 scuectae.

155 2232 193 2289 Et
203 2233 265 2289 licet
277 2241 339 2288 ante
352 2234 432 2288 situm
447 2241 566 2302 torperet
581 2243 668 2289 morte
682 2235 806 2297 cadauer,

156 2324 202 2380 stt
215 2332 304 2380 tamma
319 2325 454 2394 extemplo
464 2324 581 2381 iormosa
591 2339 723 2396 puerpera
736 2327 808 2379 ruitu
824 2343 830 2378 :

156 2413 244 2482 Quasi
258 2429 308 2472 ret
320 2414 516 2486 contemplatur
529 2429 612 2471 orans
624 2454 632 2480 ‚
646 2430 707 2472 cum
722 2423 863 2472 stemmate

844 2504 947 2577 [comit.

157 2595 290 2665 tenpore
305 2596 470 2666 precingens
483 2609 549 2651 auro
565 2594 680 2653 llareute
691 2605 812 2662 coronat,

157 2685 190 2740 lit
208 2684 287 2755 peplo
297 2685 445 2757 chlamydis
459 2700 509 2741 nec
524 2701 576 2741 non
590 2686 849 2758 cycladibusornat.

157 2773 194 2830 llt
205 2775 293 2845 regina
307 2784 381 2844 gerat
396 2775 542 2832 rrrbicunds
557 2777 702 2847 crepundia
716 2777 798 2834 collo.

156 2860 229 2916 'lalus
242 2871 299 2916 crat
310 2863 415 2933 species
429 2862 554 2920 formose
569 2865 678 2936 virginis
690 2867 770 2922 altna.

156 2957 230 3012 Tune
245 2956 343 3013 lleieua
356 2958 457 3015 docens
471 2974 561 3031 regem
576 2974 702 3016 sermone
717 2959 819 3028 lutura,

155 3046 200 3099 Sic
213 3046 249 3100 ait
264 3047 392 3118 Augusto,
408 3047 567 3119 depromens
582 3051 671 3105 omnia
684 3051 771 3107 somni
789 3069 795 3105 z

154 3136 218 3192 ilaec
233 3151 276 3193 tua
291 3152 400 3210 semper
412 3138 474 3204 erin'
488 3157 549 3196 narn
565 3142 630 3199 lethi
643 3144 716 3199 calce
729 3143 843 3214 carebit,

155 3224 252 3280 llltima
267 3225 294 3282 ni
306 3229 373 3283 dlris
387 3231 551 3302 ootnllagrent
565 3232 662 3288 secula
676 3231 801 3288 llamnris.

155 3316 274 3388 Cumque
289 3327 348 3375 toro
362 3317 432 3376 loret
445 3321 580 3392 Augustus
596 3327 754 3392 perterritos
767 3322 832 3391 alto,

155 3405 270 3464 Pallidus
284 3411 391 3481 evigilat
405 3414 491 3467 somni
506 3412 649 3469 lormidiue
662 3425 766 3483 eaptus.

152 3497 301 3568 Conglobat
317 3501 344 3557 its
356 3509 456 3558 cretum
469 3501 583 3558 disertos
598 3513 656 3559 erte
670 3503 817 3573 sophistas,

154 3586 282 3658 Gpmtrica
295 3592 340 3660 qui
350 3592 453 3663 jactant
463 3607 573 3651 neruoso
586 3598 709 3666 dogmata
724 3594 794 3661 laiu;

154 3681 227 3744 Quos
242 3688 319 3752 rogat
332 3693 362 3739 ut
374 3699 463 3740 rerum
477 3687 527 3740 sibi
543 3686 595 3741 lata
610 3687 720 3744 latentia
734 3689 848 3755 solvant,

153 3768 220 3837 Qua
234 3772 334 3828 drrdurn
346 3775 474 3832 instratis
487 3777 594 3847 signant
608 3793 705 3834 arearra
720 3778 819 3834 lutrrra.

152 3859 208 3914 Sed
225 3873 288 3915 euin
303 3861 369 3918 iorte
379 3865 442 3920 nibil
455 3866 553 3922 stolido
567 3881 691 3925 sermone
708 3871 839 3925 referrent

151 3949 270 4004 l‘lurima
285 3952 333 4006 sed
348 3952 422 4010 lalsin
433 3954 571 4013 duxissent
584 3955 679 4014 lrirola
693 3959 792 4025 uerbis,

148 4042 224 4097 'lunc
239 4059 285 4098 ret
301 4043 413 4117 lrugales
420 4047 545 4119 jejunans
559 4053 670 4122 castigat
681 4061 766 4121 artus,

149 4133 237 4204 atque
246 4135 305 4192 dies
320 4148 422 4206 septem
438 4139 554 4196 declinat
569 4141 668 4198 lercula
684 4159 798 4214 pompae.

48 4278 53 4285 ,
153 4226 294 4281 Αὓιιιιιιο
309 4228 421 4286 homino
437 4246 552 4300 poscens
567 4234 675 4290 oracula
690 4237 780 4306 pandi.

147 4315 204 4370 rtur
220 4318 284 4385 rsit,
294 4330 321 4375 et
333 4329 402 4377 tetro
417 4324 543 4379 mundum
560 4326 691 4383 velamine
705 4328 795 4392 sallat,

146 4405 202 4460 llec
215 4422 270 4462 non
285 4417 313 4464 et
325 4408 409 4467 lucris
424 4421 522 4469 terram
537 4414 723 4486 cotrtplectitur
734 4418 796 4487 alis,

146 4493 215 4550 llum
229 4510 311 4568 sopor
325 4497 353 4554 in
363 4510 448 4557 strato
461 4505 567 4574 regales
581 4514 695 4575 occupat
709 4518 793 4562 artus.

146 4585 196 4643 Cui
210 4587 348 4660 sylvester
358 4594 405 4659 ait,
421 4596 539 4664 pandens
551 4599 676 4669 mysteria
688 4615 777 4657 rerunt
791 4619 799 4660 ι

146 4676 268 4747 Furias,
283 4696 363 4753 quam
379 4694 453 4741 torna
467 4688 576 4744 crevisti
591 4690 650 4745 lure
665 4701 807 4761 uetustam,

146 4771 211 4840 Qus
224 4773 273 4830 tibi
288 4774 416 4835 horrebat
429 4781 542 4837 multum
555 4783 695 4854 squalente
708 4795 827 4854 senecta,

146 4865 218 4923 Urbs
229 4878 271 4924 est
286 4885 366 4941 qusm
381 4872 461 4944 sulgo
475 4874 587 4947 Byzanti
600 4879 707 4937 nomine
721 4880 831 4948 dicunt;

144 4954 389 5032 Communiuopolis
399 4975 461 5035 post
475 4970 532 5024 baec
547 4971 677 5027 vocitetur
690 4973 716 5027 in
731 4989 831 5041 erum,

143 5049 258 5109 fiamine
272 5069 369 5126 nempe
384 5066 430 5114 tuo
440 5071 528 5130 gestat
543 5076 589 5132 per
602 5065 682 5120 saecla
697 5063 855 5138 triumphos.

143 5137 172 5194 ln
186 5154 238 5210 qua
253 5156 391 5203 murorum
407 5151 534 5216 precelsa
546 5155 685 5212 cacumina
695 5158 843 5228 quondam.

143 5229 219 5287 lianc
232 5245 364 5303 prostrata
377 5238 436 5296 solo
450 5250 620 5300 veterascunt
631 5260 694 5302 arce
708 5249 807 5319 ruenti,

142 5319 238 5378 sernia
252 5339 435 5399 marcescunt,
449 5344 476 5390 et
491 5339 688 5406 propugnacula
702 5350 809 5405 neunt.

140 5411 208 5480 Qua
222 5428 333 5486 quassat
344 5423 441 5491 caries,
455 5433 483 5480 et
497 5425 594 5497 lraugit
606 5427 681 5497 lesse
691 5439 819 5488 uetustas.

139 5504 196 5565 sed
210 5515 237 5562 te
248 5522 409 5570 conservare
420 5531 477 5572 mea
493 5527 624 5588 precepta
634 5518 745 5589 jubebo.

139 5596 304 5671 Cornipedis
316 5605 394 5674 spina
410 5618 501 5665 rectus
515 5625 563 5682 per
576 5613 696 5682 squalida
710 5630 784 5681 rura,

138 5687 259 5760 Cuspide
271 5696 362 5755 resilii
376 5701 498 5759 scrobem
512 5703 617 5761 sulcare
630 5717 776 5776 memento,

774 287 818 350 ue
837 285 1009 351 csuoteus
1028 245 1204 354 tractabit

969 403 1108 466 dlnbars
1124 409 1162 464 sic
1175 409 1299 480 equitans
1314 424 1363 480 per
1377 420 1476 467 terram
1491 398 1707 484 tradito'dettrn,

1747 303 1799 358 seb

1008 496 1126 564 Quatuor
1140 499 1273 556 inllndens
1283 499 1386 556 directo
1402 501 1508 556 tramite
1521 501 1622 565 sulcos,

1008 589 1059 642 l‘er
1071 603 1150 658 quos,
1162 591 1262 646 erectis
1276 600 1424 646 castrorum
1442 589 1558 646 turribus
1572 592 1643 658 altis,

1007 674 1103 730 blteuis
1117 691 1256 732 murorum
1272 687 1409 733 restaures
1421 678 1532 734 imbrice
1542 682 1634 746 rubra,

1008 765 1035 819 ln
1047 782 1097 835 qua
1112 769 1234 838 regnabit
1249 769 1348 838 proles,
1363 773 1502 841 prolesque
1517 782 1656 844 nepotum,

1006 856 1082 912 Sicut
1096 862 1223 930 regnabat
1240 871 1343 932 patrum
1359 878 1499 920 numerosa
1515 880 1642 935 propago,

1006 949 1123 1016 Quorum
1139 953 1279 1023 progenies
1292 962 1319 1010 et
1333 955 1374 1008 ari
1389 956 1571 1025 glomerantur
1582 971 1702 1012 anorum.

1041 1041 1099 1096 laur
1114 1040 1164 1098 snit
1176 1045 1310 1114 Hesperie
1326 1045 1443 1101 famosus
1456 1047 1535 1103 laude
1546 1047 1671 1103 sacerdos

1005 1129 1173 1200 Ambrosius,
1188 1134 1288 1191 Cbristi
1299 1137 1436 1206 complens
1450 1147 1580 1207 precepta
1597 1138 1715 1209 benigni,

1004 1219 1120 1292 Spiritus
1135 1233 1162 1279 et
1174 1234 1257 1281 casta
1271 1226 1389 1282 servarit
1404 1228 1503 1283 hedera
1517 1230 1618 1294 carnis,

1004 1311 1055 1377 Qui
1069 1328 1164 1370 rrorneu
1175 1315 1243 1385 gerit
1255 1315 1401 1372 Ambrosie
1413 1317 1447 1372 tle
1463 1325 1570 1372 nectare
1580 1318 1701 1373 ductum.

1006 1399 1054 1456 llic
1071 1413 1146 1457 tener
1161 1403 1187 1458 iu
1199 1405 1275 1459 cuuis
1290 1406 1423 1475 quondam
1437 1407 1498 1462 dum
1514 1406 1638 1477 paruulus
1648 1418 1717 1464 esset

1004 1490 1095 1561 llagua
1113 1493 1261 1550 lutursrutn
1277 1497 1360 1567 gessit
1371 1498 1522 1567 spectacula
1537 1513 1647 1564 rerum;

1002 1581 1120 1653 Namque
1130 1598 1241 1640 eramen
1257 1598 1334 1655 aputu
1349 1589 1500 1643 numerosis
1515 1589 1581 1646 lorte
1590 1592 1704 1647 cateruis

1002 1674 1126 1730 Conterit
1136 1673 1230 1732 iaeiem
1245 1679 1329 1747 pueri,
1347 1679 1466 1734 mirabile
1480 1679 1550 1745 iatrr;

964 1756 988 1818 B
1001 1768 1066 1835 Quae
1081 1768 1145 1824 licet
1158 1768 1291 1824 horrenda
1304 1772 1435 1840 stipareut
1448 1771 1522 1826 labra
1535 1773 1657 1842 sollerte,

1000 1858 1058 1914 Non
1073 1866 1161 1914 tamen
1176 1858 1286 1916 infantis
1300 1861 1384 1915 sensit
1397 1858 1551 1928 discrimina
1565 1876 1672 1933 corpus.

1000 1942 1046 2004 Sic
1060 1946 1162 2001 crebris
1176 1947 1278 2001 vicibus
1291 1948 1431 2018 replebant
1443 1964 1489 2004 ora
1502 1949 1627 2020 laceratis,

999 2037 1086 2107 Atque
1097 2038 1253 2094 caterrstim
1264 2035 1370 2094 r'ursum
1387 2054 1506 2095 remeare
1517 2041 1670 2100 studebant.

1000 2126 1063 2184 Post
1077 2128 1134 2185 bec
1146 2128 1270 2186 aetherios
1283 2139 1434 2202 repetentes
1444 2133 1550 2202 agrniue
1564 2134 1680 2204 niuibus,

1001 2218 1107 2275 Visibus
1121 2221 1243 2277 humanis
1255 2230 1360 2277 certant
1372 2221 1518 2278 abscedere
1534 2238 1624 2292 porro.

999 2300 1061 2367 llaec
1073 2320 1148 2381 pater
1158 2312 1292 2369 Ambrosii
1307 2313 1409 2384 stupuit
1420 2313 1546 2370 miracula
1561 2329 1685 2382 cerneris,

999 2404 1021 2458 tl
1035 2418 1089 2473 quo
1098 2404 1210 2460 sortitur
1225 2419 1323 2460 nomen
1340 2405 1381 2461 sic
1393 2407 1491 2478 inclyta
1505 2407 1603 2476 proles.

998 2493 1054 2557 lloc
1068 2510 1162 2565 nempe
1175 2514 1287 2555 eramen
1300 2515 1353 2571 quo
1367 2503 1452 2556 sancti
1467 2501 1539 2556 labra
1552 2503 1715 2575 redundant,

997 2584 1089 2640 Dulcia
1107 2590 1253 2644 mulsorum
1269 2591 1405 2660 portendit
1419 2592 1498 2647 rerba
1516 2592 1647 2661 tenorum,

999 2678 1125 2747 Equibus
1137 2679 1240 2735 aliatim
1255 2682 1416 2739 dulcescunt
1430 2692 1536 2754 pectora
1550 2684 1646 2753 plebis.

997 2769 1094 2826 Lucida
1109 2772 1216 2842 digessit
1232 2775 1399 2830 venerandos
1412 2777 1540 2846 opuscula
1553 2777 1657 2843 doctor,

996 2858 1062 2914 Cum
1078 2865 1181 2919 ratione
1196 2864 1236 2932 pia
1250 2865 1368 2934 pandens
1380 2866 1414 2921 ab
1427 2867 1529 2937 origiue
1543 2868 1638 2936 primu,

996 2948 1114 3018 Qualiter
1128 2951 1199 3008 burte
1209 2953 1335 3010 mundum
1349 2955 1445 3011 summi
1462 2957 1601 3026 prudemia
1617 2957 1702 3012 Patris

997 3038 1127 3106 Tempora
1143 3054 1300 3111 presentem
1317 3054 1379 3100 tuuc
1392 3060 1438 3115 per
1453 3046 1493 3101 bis
1505 3056 1581 3102 terna
1595 3047 1696 3103 dierunt

957 3106 983 3172 C
1000 3128 1103 3188 Fecerit
1112 3124 1213 3189 aterno
1227 3134 1371 3206 disponens
1386 3137 1482 3193 saecula
1496 3146 1572 3193 nutu.
1586 3155 1588 3159 ⁴

999 3221 1071 3289 llaec,
1089 3225 1206 3293 iuquam.
1224 3225 1315 3282 docuit
1328 3229 1423 3283 crebro
1436 3242 1559 3286 sermone
1569 3230 1705 3295 sacerdos,

999 3311 1091 3369 Plures
1103 3316 1252 3383 perducens
1266 3317 1299 3371 ad
1315 3318 1376 3375 coeli
1392 3333 1473 3389 regna
1486 3319 1641 3393 phalanges.

1034 3402 1145 3459 Garrula
1161 3405 1263 3461 blattini
1280 3422 1349 3463 nunc
1360 3411 1454 3479 prodat
1468 3412 1553 3467 littera
1569 3413 1685 3479 laudern,

996 3495 1079 3561 erarn
1096 3495 1213 3552 celebrat
1226 3506 1296 3553 totus
1311 3500 1442 3570 quadrsto
1456 3503 1564 3560 cardine
1579 3506 1702 3561 mundus.

997 3586 1072 3641 llunc
1085 3585 1164 3642 Pater
1176 3588 1345 3658 omnipotens
1356 3591 1473 3647 nondum
1488 3592 1646 3662 baptismate
1657 3597 1740 3649 lotunr

995 3676 1049 3731 Nec
1064 3676 1242 3756 balsamorum
1257 3679 1340 3733 sacris
1355 3679 1544 3735 carismatibus
1555 3693 1675 3751 unctium,

995 3768 1128 3838 Tempora
1143 3779 1275 3824 nocturuo
1289 3770 1392 3827 coelesti
1406 3770 1484 3826 laude
1496 3772 1594 3838 bearis,

995 3859 1060 3913 llum
1074 3860 1169 3927 stipem
1185 3858 1285 3914 inaneis
1299 3871 1327 3915 et
1341 3862 1448 3931 peplum
1464 3861 1547 3918 lerret
1561 3864 1662 3936 egenis.

994 3952 1099 4009 Clrristo
1113 3953 1225 4009 deuotus
1237 3968 1299 4010 cunt
1311 3955 1367 4026 jam
1381 3955 1588 4012 catechumenus
1603 3965 1684 4013 esset.

994 4044 1059 4110 Quis
1072 4059 1136 4099 nero
1148 4045 1265 4114 studeat,
1278 4045 1379 4100 diserto
1390 4044 1488 4102 lamine
1499 4045 1594 4114 belus,

994 4140 1088 4192 ttrrrnia
1099 4138 1223 4194 uirtutum
1237 4140 1338 4196 chartis
1351 4139 1506 4197 describere
1519 4143 1607 4212 signa,

993 4230 1095 4297 Quanta
1112 4228 1179 4285 heus
1191 4228 1297 4286 dederit
1310 4230 1407 4287 denoto
1420 4229 1489 4286 dum
1502 4231 1610 4289 clientil

993 4318 1071 4389 Saepe
1084 4319 1220 4376 salutifero
1233 4321 1351 4378 cometit
1365 4322 1489 4394 dogmate
1500 4338 1591 4396 pagos,

993 4412 1028 4469 Ut
1042 4414 1108 4468 ritus
1123 4414 1221 4470 veilent
1232 4414 1317 4486 magle
1329 4416 1479 4487 exstirpare
1494 4417 1634 4484 uelandus,

994 4505 1081 4573 Atque
1091 4511 1239 4561 creatorem
1255 4514 1410 4576 regnantem
1425 4507 1536 4563 credere
1547 4508 1695 4564 Christum.

993 4593 1059 4648 llam
1075 4608 1238 4665 paganorum
1253 4595 1382 4652 destruxit
1398 4595 1458 4652 lana
1472 4598 1593 4667 prolana,

992 4681 1056 4741 Jure
1072 4695 1248 4759 tyrannorum
1262 4698 1383 4744 sternens
1397 4688 1507 4744 delubra
1520 4683 1623 4745 reorum
1640 4710 1647 4744 ε

994 4775 1027 4830 Et
1041 4791 1102 4832 mos
1115 4777 1217 4846 antiqui
1228 4776 1364 4833 contracta
1379 4775 1472 4837 lraude
1482 4779 1573 4834 sacelli

992 4865 1113 4922 sauricen
1126 4866 1277 4923 Altitlrrono
1291 4867 1458 4922 venerandus
1471 4869 1569 4937 templa
1584 4869 1722 4926 sacerdos.

990 4959 1034 5015 Sic
1048 4973 1153 5029 quoque
1169 4958 1299 5013 famosam
1311 4956 1446 5012 lrondenti
1461 4960 1551 5026 stipite
1563 4960 1666 5030 pirrum,

989 5049 1047 5117 Qua
1059 5063 1182 5119 proceres
1194 5047 1281 5104 stolidi
1294 5057 1357 5102 tuno
1372 5047 1525 5105 thurillcare
1540 5049 1674 5119 solebant,

990 5139 1046 5194 lleu
1060 5138 1165 5194 seclusi
1182 5138 1208 5192 in
1223 5138 1341 5192 verubus
1354 5145 1491 5195 turrentes
1504 5149 1564 5195 etta
1580 5141 1729 5202 bidentum.

990 5230 1085 5293 Diruit.
1101 5239 1128 5284 ιιι
1143 5229 1269 5300 populum
1284 5244 1336 5286 non
1352 5229 1427 5287 lallat
1441 5233 1557 5290 cultibus
1572 5249 1658 5291 error.

988 5319 1103 5388 Surgere
1113 5329 1154 5374 ter
1166 5317 1228 5376 lecit
1245 5319 1371 5377 ‹leiunrta
1382 5323 1512 5381 oadarera
1528 5326 1612 5393 lutino,

989 5410 1094 5466 Tetrica
1109 5415 1235 5468 terrentis
1248 5414 1418 5488 disrumpens
1433 5426 1533 5472 tartara
1551 5419 1656 5485 nunriis,

989 5501 1043 5559 Nec
1055 5519 1107 5558 non
1124 5506 1231 5574 aegrotis
1245 5508 1404 5580 impendens
1418 5511 1507 5566 munia
1523 5513 1594 5564 site.

991 5595 1086 5651 lurida
1102 5597 1228 5653 debilium
1245 5598 1373 5654 inmeritas
1388 5601 1505 5655 urembra
1520 5601 1637 5656 sitorum

986 5692 1135 5758 Quaurlibet
1148 5700 1275 5763 expertus
1290 5709 1343 5751 non
1359 5703 1429 5752 esset
1443 5695 1552 5752 uulnera
1567 5696 1632 5755 ierri
