3832 6114
137 321 198 376 ttttt
768 313 795 369 S.
816 312 986 370 STEPHANI
1004 313 1105 370 f’rll’AE
1123 314 1145 370 ll
1681 308 1756 368 10ἱῖ

136 430 231 488 effectu
245 439 332 482 cauam
346 435 373 483 et
394 426 552 483 letabundis
571 427 671 483 nuntiis
685 427 719 481 ud
733 440 782 482 nos
794 440 916 482 remean-
932 426 959 485 tt
971 426 1120 493 studuistis,
1143 436 1172 482 et
1184 441 1231 496 per
1247 425 1398 482 donationis
1409 423 1533 495 paginam
1556 423 1755 480 restituendum

137 523 186 576 das
199 518 338 576 absoluere
351 517 456 589 lubeas.
477 517 582 573 damet
596 517 648 575 ιιι
660 518 833 575 obsecramus
845 517 921 574 borsi-
972 516 1139 572 confirmarit
1156 518 1261 573 tenitas
1274 525 1372 573 restra.
1393 515 1468 571 Nunc
1481 523 1583 581 autem,
1602 513 1682 571 sicuti
1699 514 1754 584 pri·

136 619 217 666 tatem
240 616 324 677 tuam,
340 617 366 662 ιι
390 606 469 663 nimis
483 606 607 663 celeriter
628 606 663 663 ad
687 621 737 662 nos
757 607 921 675 conjungen·
975 605 1056 660 mitur
1076 605 1271 661 Christianismi
1294 604 1439 661 restraede
1460 604 1563 659 malitia
1578 605 1662 674 ipsius
1682 601 1759 674 imp‘u’

137 701 200 756 dum
215 692 469 773 [commigrandum]
482 697 622 754 absolvere
641 695 780 765 precipias
793 710 922 751 sereren-
974 698 1046 768 reqis
1059 696 1203 763 ediximus,
1218 712 1282 753 ecce
1297 697 1352 768 jam
1367 696 1536 753 mendacium
1549 704 1578 752 et
1593 697 1684 767 iniqua
1697 707 1758 765 per·

137 790 269 847 commum
291 787 401 843 fratrem
422 795 450 844 et
462 788 652 859 coepiscopum
667 796 788 842 nostrum
803 784 924 841 wilelm-
973 789 1096 854 versitas,
1112 798 1191 858 atquc
1201 788 1260 858 ejus
1276 787 1421 858 perjurium
1441 787 1604 843 declaratum
1618 795 1670 843 est.
1682 784 1759 841 dmi-

137 884 218 938 rium.
241 881 416 952 omnipotem
435 889 525 937 autent
549 881 621 935 fleus
644 878 671 935 in
696 879 800 936 cunctis
819 877 924 934 omibus
974 894 1043 950 quus
1056 881 1153 951 quippe
1172 879 1279 936 immani
1302 879 1407 949 ceneris
1429 878 1514 934 lrostis
1540 878 1676 945 diairolus,
1697 876 1760 949 cius

137 975 201 1042 tuis,
216 971 442 1029 excellentissime
466 971 553 1028 rictor
566 984 623 1038 rea,
639 985 697 1026 susc
714 970 816 1027 destrae
829 977 924 1026 erten-
975 969 1107 1041 perfldum
1122 970 1220 1027 iurasit
1233 985 1293 1037 cor,
1304 979 1331 1027 et
1342 986 1403 1041 quae
1415 972 1465 1026 suls
1479 968 1585 1027 uinculo
1599 970 1761 1027 sacramenti

137 1063 215 1118 sione
228 1071 254 1118 tc
267 1070 400 1133 pmteqat
412 1061 702 1132 titiqueetpraesemts
711 1061 774 1117 ritae
785 1073 924 1129 prospera,
975 1060 1107 1119 affrrmata
1130 1070 1204 1128 sunt,
1229 1061 1303 1118 irrita
1321 1059 1410 1118 facere
1431 1075 1513 1117 ausus
1535 1069 1589 1118 eat.
1604 1061 1660 1117 Nec
1680 1061 1761 1119 unius

138 1158 167 1205 et
182 1161 243 1221 post
256 1151 404 1208 multorum
415 1165 546 1207 snuorsm
560 1150 704 1217 curricula,
715 1148 811 1221 qando
824 1157 925 1205 eterna
976 1153 1048 1209 euim
1072 1151 1152 1222 palmi
1173 1161 1252 1208 tesrte
1273 1152 1389 1221 spatium
1412 1149 1491 1207 beato
1505 1150 1585 1207 Petm
1608 1159 1762 1223 sanctaeque

140 1241 291 1309 concedat,
313 1241 447 1314 fruarque
468 1257 532 1299 cum
554 1250 599 1299 tua
622 1242 776 1299 dulcissima
799 1239 924 1312 conjuge,
977 1240 1025 1297 ltet
1046 1240 1183 1308 Ecclesin,
1211 1242 1252 1299 rel
1268 1240 1421 1311 reipublice
1440 1241 1621 1297 Romanorum
1646 1240 1762 1301 reddere

141 1333 366 1391 excellentissima
389 1335 499 1406 regina,
523 1334 636 1404 spiritali
658 1344 749 1392 nostra
768 1342 926 1400 commatre,
978 1347 1073 1404 possm
1086 1341 1148 1399 est;
1178 1340 1254 1388 tanto
1267 1332 1364 1402 quippe
1384 1331 1458 1387 adie
1473 1330 1529 1398 illo,
1543 1347 1558 1385 a
1574 1345 1627 1402 quo
1647 1331 1681 1387 alr
1695 1332 1761 1401 iuri

142 1433 170 1479 et
183 1423 279 1480 restris
293 1425 414 1495 mosque
434 1425 598 1482 dulcissimis
612 1425 684 1492 filiis,
698 1426 817 1481 marimo
829 1425 927 1496 qaudio
977 1436 1036 1478 cern
1060 1422 1176 1493 separati
1201 1436 1305 1485 sumus,
1331 1436 1381 1477 nos
1403 1421 1533 1493 affligere,
1557 1431 1584 1478 et
1613 1422 1640 1479 in
1665 1436 1761 1494 mapsa

140 1512 294 1587 jucundari,
307 1525 335 1571 et
355 1515 430 1584 regni
451 1515 534 1572 vestri
553 1515 734 1588 gubernaculo
748 1529 764 1568 n
777 1514 834 1570 fluo
851 1515 927 1572 rolris
977 1510 1123 1584 ignominia
1146 1521 1266 1567 sanctum
1289 1510 1336 1566 ilci
1357 1508 1503 1568 Ecclesiam
1528 1511 1627 1569 tatere
1650 1520 1761 1571 conatus

142 1613 275 1661 concesso
288 1605 405 1675 perfmi;
421 1613 450 1661 et
470 1604 515 1676 qui
535 1603 703 1676 inpraesenti
724 1604 779 1660 rita
791 1604 867 1675 requi
880 1619 928 1675 po·
984 1613 1038 1673 cst,
1053 1612 1153 1674 quanto
1168 1619 1221 1659 non
1237 1612 1348 1675 possum
1361 1603 1497 1659 hominum
1512 1605 1610 1675 linque
1624 1619 1761 1677 enarrare,

143 1702 267 1749 tematem
283 1692 391 1759 tenetis,
406 1693 488 1749 etiam
509 1692 600 1750 futuro
614 1694 642 1750 in
660 1694 761 1751 seculo
773 1709 836 1751 cum
849 1691 929 1751 ctm-
982 1694 1047 1765 quia
1060 1695 1142 1750 etium
1157 1703 1185 1751 et
1198 1693 1250 1764 ipsi
1266 1693 1380 1762 lapides,
1396 1693 1419 1748 si
1432 1692 1484 1750 dici
1500 1702 1597 1762 potest,
1613 1694 1760 1753 moutam·

142 1792 186 1839 sto
197 1781 224 1838 in
236 1793 366 1839 eternum
381 1781 510 1854 repuens,
523 1793 709 1851 promerentes
724 1784 798 1840 illam
813 1785 929 1842 domini·
943 1758 967 1821 Β
979 1802 1041 1845 nem
1057 1796 1176 1843 nostram
1191 1800 1287 1857 maqno
1301 1785 1403 1841 ululatu
1416 1785 1520 1852 fierem,
1531 1795 1559 1842 et
1573 1787 1611 1841 ita
1626 1801 1674 1842 nos
1687 1786 1758 1845 risus

144 1886 203 1926 earn
219 1871 425 1942 promissionem
440 1872 555 1929 audire:
572 1873 676 1940 Venite,
693 1873 826 1930 benedicti
837 1874 927 1931 Patris
978 1887 1021 1937 est
1033 1878 1162 1950 affligere,
1179 1887 1209 1934 ut
1222 1878 1312 1934 denuo
1325 1879 1352 1932 iu
1376 1877 1451 1934 nobis
1466 1878 1591 1933 innovata
1612 1876 1705 1937 fuisset
1717 1879 1760 1935 ist-

144 1963 196 2018 mei
211 1960 319 2032 (detti.
342 1965 427 2034 rrrt3
451 1978 499 2033 pro
518 1977 552 2020 eo
577 1965 648 2035 quod
671 1975 808 2023 certamen
830 1966 929 2024 honum
980 1969 1103 2027 drmitas.
1119 1966 1204 2024 Nimis
1228 1966 1445 2039 naurqueluqen,
1467 1966 1685 2025 excellentissimi
1705 1967 1762 2039 otii,

143 2054 276 2122 certastis,
286 2067 394 2110 cursum
402 2056 618 2126 consummastis,
631 2057 711 2113 fldem
724 2057 862 2125 serramis,
882 2071 929 2115 su·
980 2070 1030 2116 cur
1043 2057 1126 2115 rerba
1141 2064 1233 2112 nostra
1245 2054 1407 2113 infelicitatis
1422 2071 1474 2111 non
1489 2057 1640 2125 audientes,
1655 2057 1762 2115 menda-

144 2145 210 2201 mite
222 2144 353 2215 repositus
369 2147 445 2203 rolris
457 2163 582 2215 coronas,
596 2157 625 2205 et
637 2149 750 2219 accipite
760 2165 871 2221 reqnum
881 2164 931 2207 ro·
980 2152 1051 2209 cium
1068 2154 1207 2222 plusquam
1221 2152 1362 2206 ueritatem
1377 2149 1488 2206 credero
1502 2149 1635 2217 voluistis,
1649 2150 1763 2206 illuden-

145 2234 185 2291 ιιι
197 2235 231 2291 alr
254 2234 357 2304 ortptue
370 2236 461 2291 muudi
486 2246 673 2308 preparatum.
696 2237 765 2296 llam
783 2249 811 2297 et
832 2255 865 2297 er
879 2240 931 2298 lroc
983 2253 1025 2301 tes
1043 2256 1094 2299 noa
1116 2252 1144 2299 et
1158 2242 1312 2297 irridentes.
1326 2239 1403 2298 Unde
1416 2248 1444 2295 et
1462 2239 1520 2296 sine
1541 2238 1637 2296 efecto
1648 2238 1765 2312 justitie

144 2327 279 2396 praecelso
293 2335 321 2384 et
341 2343 356 2383 a
377 2328 433 2385 Deo
446 2331 587 2388 custodite
595 2331 761 2388 excellentia
782 2341 879 2389 restrae
889 2333 931 2390 iu·
981 2332 1052 2390 beati
1071 2331 1145 2389 Petri
1170 2331 1204 2388 ad
1229 2331 1364 2401 proprium
1387 2329 1457 2385 erile
1481 2338 1508 2385 et
1532 2329 1661 2400 populum
1686 2328 1764 2385 nobis

144 2421 308 2476 notescimus
317 2421 378 2492 quia
390 2423 457 2492 petit
472 2424 550 2478 nobis
564 2424 677 2494 opums
690 2425 832 2496 religiosus
846 2425 930 2481 abias
980 2425 1155 2481 commissum
1179 2436 1272 2478 sumus
1296 2420 1407 2477 reversi.
1427 2420 1526 2476 Omnes
1549 2419 1665 2491 denique
1686 2418 1765 2477 Cirri-

144 2511 224 2566 restri
250 2513 407 2569 monasterii
429 2515 512 2570 saneti
539 2514 694 2582 Benedicti,
717 2529 766 2587 pro
792 2510 931 2572 danaum
980 2513 1061 2571 stiam
1084 2513 1122 2571 ita
1148 2513 1259 2570 llrmitcr
1283 2511 1435 2578 credebaut,
1459 2511 1531 2583 quod
1552 2512 1647 2569 beatus
1669 2511 1768 2571 tetrus

143 2602 210 2667 suis,
224 2602 270 2671 qui
285 2616 346 2658 cum
360 2610 408 2660 tuo
421 2619 550 2674 germano
562 2606 673 2675 profecti
689 2614 762 2671 sunt,
778 2615 806 2661 ut
819 2620 869 2663 eos
883 2604 931 2661 alt-
983 2608 1108 2679 princeps
1121 2606 1301 2677 apostolorum
1311 2619 1383 2662 nunc
1395 2619 1444 2675 per
1454 2614 1570 2660 restmm
1585 2602 1762 2661 fortissimum

144 2695 249 2752 solvere
267 2695 381 2766 lubeas3
395 2697 442 2753 sed
456 2698 572 2767 qualiter
591 2706 636 2753 tua
651 2698 877 2766 lueritroluntas,
894 2697 931 2753 ita
980 2699 1121 2757 brachium
1146 2713 1223 2754 suam
1251 2696 1414 2769 percepisset
1437 2695 1585 2766 justitiam,
1616 2695 1679 2752 dum
1709 2706 1765 2750 tam

34 2812 37 2818 ·
143 2784 178 2841 de
205 2786 245 2841 eis
272 2800 408 2857 exponere
428 2786 534 2857 iubens.
563 2786 725 2846 incolumem
743 2786 930 2846 excellentiam
982 2790 1171 2847 marimumae
1184 2785 1368 2858 prefulgidum
1381 2785 1537 2842 miraculum
1552 2784 1648 2841 restris
1663 2782 1766 2839 felicis·

144 2889 218 2935 tuam
229 2879 314 2951 qratia
326 2894 441 2949 superna
455 2880 598 2937 custodiat.
981 2879 1058 2938 simis
1072 2879 1238 2950 temporibus
1251 2877 1454 2945 demonstrarit,
1471 2877 1604 2947 talemque
1617 2874 1694 2932 robis
1712 2875 1766 2931 im·

981 2986 1101 3029 mensam
1115 2971 1253 3027 victoriam
1273 2968 1401 3025 ltnmirms
1413 2968 1493 3035 fleus,
1508 2976 1537 3023 et
1549 2968 1667 3025 satrator
1677 2964 1763 3021 lesus

980 3061 1115 3129 Christus,
1130 3075 1178 3131 per
1199 3059 1403 3116 intercessiones
1425 3058 1466 3114 sui
1481 3056 1602 3129 principis
1621 3056 1764 3129 apostolo-

980 3166 1039 3209 rum
1052 3165 1101 3222 pro
1119 3149 1277 3207 defensione
1290 3159 1389 3206 sancte
1402 3162 1458 3204 suc
1476 3148 1600 3205 Ecclesia
1611 3147 1705 3219 largiri
1719 3146 1766 3203 di·

146 3285 576 3359 vrttrrstmmtonpotmtorm
593 3276 929 3362 t·eqem,qtsi1cromentrtm
980 3253 1076 3350 ,mm
1098 3251 1149 3298 m
1166 3241 1219 3300 sed
1244 3250 1343 3306 Μὴ
1358 3241 1421 3297 boni
1443 3241 1500 3309 Μ’
1514 3237 1653 3297 “edema
1673 3239 1767 3297 eim

179 3357 326 3412 restituendi
336 3359 449 3412 ciuitates
460 3371 483 3414 et
498 3361 555 3415 fuce
568 3349 625 3415 siii'
637 3361 743 3428 donato,
758 3361 872 3427 riofcoit,
885 3376 929 3415 co·
981 3336 1073 3406 ¹¹¹i‘l¹¹⁰
1084 3335 1153 3404 ‘⁸5¹⁹
1168 3332 1237 3405 ΨΜ
1252 3348 1300 3403 W
1310 3330 1442 3388 'mulum
1457 3330 1617 3388 ⁸²⁶¹²¹⁰²¹¹¹3
1626 3330 1767 3401 mutum

178 3436 241 3498 pust
247 3430 376 3498 justitium
388 3431 471 3500 focem
482 3431 514 3485 de
525 3431 666 3501 promissis.
980 3436 1022 3484 est
1036 3425 1143 3498 propria
1158 3431 1247 3480 restra
1263 3423 1398 3479 voluntate
1412 3438 1460 3493 pcr
1474 3421 1625 3477 donationis
1639 3421 1764 3493 paginam

179 3518 301 3574 llomiuis
321 3520 556 3576 excellentissimis
585 3521 658 3587 filiis,
679 3521 793 3591 l‘ippino
815 3522 882 3592 regi,
902 3529 930 3579 et
980 3516 1160 3580 beatoPetru,
1174 3524 1325 3584 cuncteque
1338 3513 1385 3569 ilci
1403 3512 1541 3580 Ecclesiae,
1556 3521 1586 3568 et
1598 3510 1762 3583 reipublice,

143 3617 237 3664 nostro
256 3608 369 3681 spiritali
395 3612 536 3681 compatri,
563 3612 661 3669 carolo
684 3620 714 3668 ot
733 3613 930 3668 Carolomanuo
979 3608 1101 3666 ciuitates
1127 3618 1155 3666 et
1175 3610 1232 3665 loca
1248 3607 1412 3665 restituenda
1436 3607 1633 3673 confirmastis;
1654 3602 1770 3661 sedillc

144 3699 206 3755 item
221 3701 341 3770 repient,
355 3709 383 3757 et
395 3701 514 3773 utrisque
528 3702 643 3773 patritiis
665 3703 846 3760 Romanorum
867 3705 929 3760 Ste-
979 3701 1079 3757 oblitus
1093 3699 1173 3757 fidem
1193 3698 1383 3765 Christianum,
1398 3706 1426 3753 ct
1439 3697 1533 3764 ileum,
1549 3696 1596 3769 qui
1614 3711 1676 3752 eum
1689 3696 1767 3751 nasci

143 3790 248 3860 plranus
260 3805 338 3863 papa.
904 3848 909 3855 ,
978 3794 1117 3865 precepit,
1134 3793 1282 3862 irritaque
1304 3807 1351 3862 per
1365 3798 1562 3847 sacramentum
1577 3789 1681 3845 firmata
1702 3796 1769 3845 suut

180 3882 248 3939 llum
261 3885 335 3954 requi
349 3895 432 3942 restrt
442 3901 540 3943 tromeu
554 3885 625 3944 inter
636 3897 748 3945 ceteras
760 3900 853 3959 gentes
865 3904 928 3961 erpa
977 3885 1069 3942 facere
1093 3900 1175 3942 ausus
1199 3896 1251 3941 est.
1271 3884 1438 3955 Quapropter
1451 3880 1581 3954 iniquitas
1603 3881 1632 3935 in
1646 3880 1768 3935 uerticem

142 3977 275 4033 sinceram
290 3977 368 4032 fidem
382 3977 452 4033 beati
466 3978 539 4034 Petri
552 3980 871 4049 principisapostolorum
887 3981 928 4036 lu·
979 3979 1050 4034 illics
1068 3977 1199 4035 descendit
1213 3976 1300 4048 (Pscf.
1313 3978 1371 4047 ιιι).
1386 3973 1538 4033 Patefactus
1559 3972 1658 4045 quippe
1671 3981 1715 4030 est
1728 3974 1769 4029 la·

144 4067 280 4124 uidissime
295 4067 410 4135 fulserit,
421 4069 500 4124 ratde
511 4069 671 4125 studendum
687 4080 730 4126 est
743 4078 773 4125 ut
784 4070 855 4126 uude
868 4071 929 4141 plo·
978 4085 1063 4140 quous
1077 4085 1157 4140 quent
1180 4068 1283 4131 effudit,
1309 4077 1338 4124 et
1354 4069 1380 4127 in
1403 4083 1436 4124 eo
1449 4082 1499 4139 pro
1512 4081 1562 4123 suo
1585 4064 1713 4121 mandato
1737 4064 1769 4127 'et

143 4160 269 4217 riosiores
283 4161 389 4217 caeteris
402 4159 526 4230 gernum
540 4161 567 4214 in
586 4161 696 4217 sortitio
708 4160 780 4218 teau
792 4162 865 4219 Petri
881 4178 929 4221 ros
978 4160 1098 4230 perjurio
1113 4157 1218 4214 incidit.
1232 4156 1353 4229 Cor-iuro
1363 4172 1422 4224 uos,
1435 4157 1481 4215 dlii
1494 4153 1730 4223 excellentissimi,
1740 4162 1769 4211 et

142 4263 236 4304 omnes
259 4251 404 4307 Christiani
429 4259 564 4317 asserunt,
587 4253 650 4308 inde
672 4255 848 4324 omrripoteuti
872 4255 928 4313 llo·
977 4266 993 4306 a
1019 4251 1074 4306 lico
1098 4249 1222 4321 protecti,
1245 4265 1291 4318 per
1311 4248 1454 4306 [tourtrmm
1473 4248 1557 4304 ileum
1585 4256 1767 4317 nostramet

417 3012 584 3071 epistota
602 3015 647 3073 tlt

144 3121 269 3166 scordam
288 3123 362 3162 Pdf’AE
381 3123 399 3163 ll
418 3124 452 3164 ao
472 3125 595 3165 rlrrttttttt
616 3125 725 3179 ΙΙΙΕΕΙ,
754 3128 788 3166 ΕΤ
807 3107 964 3172 ῦΛΙιΟΙΠο

398 3194 432 3233 ΑΒ
450 3194 674 3235 canototttttxttfl.

59 4344 63 4350 '
142 4341 228 4406 mino,
241 4341 288 4410 qui
301 4341 346 4396 dat
365 4340 478 4397 salutem
500 4343 607 4412 regibus
626 4358 674 4413 pro
695 4345 852 4403 defensione
864 4362 928 4403 sao·
977 4351 1097 4399 sancum
1108 4341 1167 4407 eius
1178 4340 1321 4409 gloriosam
1334 4354 1495 4411 sernpcrque
1507 4338 1638 4408 uirgineos
1653 4337 1767 4411 genitri-

141 4443 193 4487 ctae
219 4446 275 4487 strar
296 4431 437 4503 Ecclesim,
462 4434 605 4505 perfectius
631 4436 769 4508 placeatis,
794 4446 825 4494 ut
845 4439 926 4498 fdem
941 4446 1037 4507 noem
1054 4431 1175 4498 llarinm.
1190 4431 1325 4486 doctinam
1343 4439 1472 4496 ¹²⁰⁸lf²¹¹ls
1490 4442 1638 4497 ⁰fflsse⁵ffl¹0
1653 4428 1768 4483 fliium

141 4535 222 4592 quam
244 4521 445 4593 erqaeumdem
467 4524 614 4595 principem
627 4528 809 4596 apostolorum
829 4529 926 4595 colitis,
976 4521 1118 4590 ecelorum,
1134 4530 1161 4579 et
1176 4536 1225 4591 per
1238 4521 1345 4576 beatum
1358 4518 1465 4575 Petrum
1488 4518 1639 4591 principem
1654 4526 1767 4588 aposto·

142 4614 301 4685 arfJutricem
326 4615 354 4672 ln
368 4615 493 4672 omnibus
506 4617 635 4673 habeatis.
657 4621 850 4688 optaveramus
867 4622 926 4691 qui·
977 4616 1077 4681 lorum,
1098 4613 1144 4684 qui
1157 4628 1205 4669 res
1225 4612 1252 4667 iu
1275 4626 1352 4681 reqes
1368 4610 1452 4677 unrit,
1470 4619 1499 4665 ut
1522 4609 1611 4665 doleat
1624 4608 1767 4681 rultsspro

142 4707 216 4775 “ems
231 4706 471 4777 precellentissimi
485 4709 542 4774 filil.
566 4711 681 4779 amptius
695 4710 853 4778 protelando
875 4727 928 4767 no·
976 4716 1068 4762 sancta
1080 4704 1127 4761 Dei
1138 4702 1268 4768 Ecclesia,
1279 4701 1392 4771 etiurta
1402 4700 1572 4757 donationem
1583 4714 1664 4769 quam
1675 4697 1766 4755 eidem

140 4811 223 4856 stram
248 4800 409 4857 locutionem
431 4800 552 4864 dilatare,
578 4802 624 4854 sed
639 4799 701 4870 quin
725 4814 773 4867 pro
787 4800 881 4857 multis
892 4801 927 4857 sb
979 4796 1121 4866 protectori
1136 4804 1225 4851 restro
1240 4793 1352 4847 Doctrino
1372 4798 1465 4846 nostro
1481 4788 1653 4846 beatorem
1667 4787 1766 4846 offerre

141 4892 177 4948 ln'
200 4906 235 4946 uo
256 4893 371 4948 aistulfo
393 4907 456 4964 reqe
470 4890 707 4962 Louqulrardorum
721 4892 800 4947 nobis
814 4893 928 4962 ingestis
975 4887 1107 4958 iussistis,
1132 4883 1222 4942 omnin
1237 4883 1350 4941 reddere
1371 4889 1398 4938 et
1412 4878 1571 4938 contradere
1591 4888 1693 4935 sanem
1718 4878 1766 4935 liei

143 4907 360 5039 trfflulatiorribus
371 4996 419 5037 cor
430 4992 550 5038 nostrum
562 4983 672 5037 omnino
682 4985 807 5038 atteritur
821 4983 925 5051 dolore,
977 4977 1105 5035 Ecclesiu
1131 4974 1272 5041 studeatis,
1292 4983 1321 5029 et
1342 4987 1508 5044 nequaquam
1526 4972 1581 5039 jam
1608 4968 1695 5040 ipsius
1720 4984 1765 5024 ne·

143 5082 171 5130 ct
184 5074 265 5131 tardet
276 5077 385 5146 spiritus
395 5083 497 5140 noster,
512 5075 572 5131 ideo
586 5091 600 5129 a
617 5075 760 5130 multorum
772 5089 925 5130 sermonum
975 5067 1100 5142 quissimi
1114 5066 1186 5135 regis
1201 5065 1243 5122 rel
1258 5065 1317 5135 ejus
1328 5063 1447 5133 judicum
1461 5061 1612 5119 seductoria
1631 5059 1725 5125 rerba,
1739 5069 1765 5115 et

142 5162 294 5236 prot-:strate
308 5164 513 5229 declinavimus,
524 5174 551 5219 et
567 5180 647 5219 rrnum
663 5163 732 5232 quud
747 5173 788 5219 est
802 5178 926 5220 neomen-
978 5159 1109 5217 illusionis
1132 5156 1257 5214 mandata
1271 5154 1397 5213 credatis.
1423 5154 1492 5210 Ecce
1506 5152 1578 5210 enim
1598 5150 1764 5224 patefactum

141 5257 223 5323 rium,
238 5255 473 5311 eccellentissimo
487 5253 679 5310 christianitati
697 5263 793 5311 restra
817 5255 927 5310 innote-
977 5264 1016 5311 est
1038 5249 1204 5308 mendacium
1229 5247 1300 5318 cius,
1325 5257 1354 5303 ut
1379 5260 1546 5316 nequaquam
1561 5244 1677 5301 ulterius
1691 5247 1765 5299 uires

143 5363 220 5404 scere
231 5347 392 5403 studuimus.
410 5345 499 5400 Aileu
512 5353 641 5413 protecte,
657 5352 803 5417 nosterque
816 5345 926 5416 spirita·
977 5342 1104 5400 credendi
1120 5340 1217 5397 tumre
1232 5337 1326 5411 possit,
1338 5336 1386 5393 sed
1401 5338 1500 5408 magis,
1516 5337 1625 5407 coqnito
1640 5336 1701 5407 ejus
1714 5335 1764 5391 ini·

140 5438 175 5493 lis
195 5445 343 5505 compater,
359 5444 387 5490 et
411 5448 459 5488 ros
473 5432 621 5488 dulcissimi
649 5432 709 5499 ftlii,
728 5449 777 5502 pro
801 5434 926 5491 mercede
977 5451 1031 5507 quo
1047 5435 1155 5505 irrqertio
1168 5441 1195 5490 ct
1209 5432 1300 5502 iniqua
1314 5432 1460 5498 voluntate,
1475 5431 1534 5500 ejus
1548 5430 1709 5487 fraudantur
1724 5430 1765 5485 irt-

143 5525 293 5583 animarum
320 5532 491 5591 vestrarum,
520 5521 745 5592 quemadmodum
772 5524 926 5580 misericors
976 5524 1063 5591 siriae,
1086 5534 1112 5580 ct
1125 5523 1196 5595 quod
1216 5523 1299 5579 cernel
1319 5522 1395 5577 lreato
1410 5521 1489 5578 Petro
1504 5520 1616 5591 polliciti
1642 5522 1724 5588 estis,
1737 5531 1766 5579 et

144 5615 215 5671 orus
229 5624 321 5672 noster
331 5615 439 5672 cmlitus
452 5613 581 5670 victorias
594 5612 670 5670 tobis
685 5614 776 5685 furqiri
791 5614 924 5685 diqnatus,
977 5614 1206 5686 perdonationem
1220 5619 1309 5670 restra
1324 5626 1403 5667 manu
1418 5612 1561 5677 drmatam‚
1575 5626 1626 5683 pro
1638 5614 1766 5669 mercede

143 5705 273 5764 iustitiam
286 5706 356 5763 fronti
372 5706 454 5776 i‘etri,
480 5707 650 5776 inquantum
666 5705 800 5777 potuistis,
818 5707 925 5778 eripere
953 5736 957 5743 ·
976 5711 1083 5776 arrirmu,
1093 5708 1171 5765 beato
1187 5706 1267 5764 l'cfru
1280 5703 1392 5763 reddere
1412 5714 1438 5762 et
1452 5700 1610 5763 contradere
1628 5705 1764 5765 festinate.

1049 5786 1060 5809 δ
1352 5804 1354 5808 .
