<?xml version="1.0" encoding="UTF-8"?>
<!DOCTYPE html PUBLIC "-//W3C//DTD XHTML 1.0 Transitional//EN"
    "http://www.w3.org/TR/xhtml1/DTD/xhtml1-transitional.dtd">
<html xmlns="http://www.w3.org/1999/xhtml" xml:lang="en" lang="en">
 <head>
  <title>
</title>
<meta http-equiv="Content-Type" content="text/html;charset=utf-8" />
  <meta name='ocr-system' content='tesseract 3.04.00' />
  <meta name='ocr-capabilities' content='ocr_page ocr_carea ocr_par ocr_line ocrx_word'/>
</head>
<body>
  <div class='ocr_page' id='page_1' title='image "./patrologiaecurs74unkngoog/patrologiaecurs74unkngoog_0244.png"; bbox 0 0 3810 6114; ppageno 0'>
   <div class='ocr_carea' id='block_1_1' title="bbox 127 294 177 353">
    <p class='ocr_par' dir='ltr' id='par_1_1' title="bbox 127 294 177 353">
     <span class='ocr_line' id='line_1_1' title="bbox 127 294 177 353; baseline 0 -1"><span class='ocrx_word' id='word_1_1' title='bbox 127 294 177 353; x_wconf 86' lang='lat' dir='ltr'>t5t</span> 
     </span>
    </p>
   </div>
   <div class='ocr_carea' id='block_1_2' title="bbox 479 271 1364 342">
    <p class='ocr_par' dir='ltr' id='par_1_2' title="bbox 479 271 1364 342">
     <span class='ocr_line' id='line_1_2' title="bbox 479 271 1364 342; baseline -0.014 0"><span class='ocrx_word' id='word_1_2' title='bbox 479 284 509 342; x_wconf 83' lang='grc'>8.</span> <span class='ocrx_word' id='word_1_3' title='bbox 530 279 680 340; x_wconf 75' lang='lat' dir='ltr'>sonanti</span> <span class='ocrx_word' id='word_1_4' title='bbox 698 278 858 338; x_wconf 75' lang='lat' dir='ltr'>CANONES</span> <span class='ocrx_word' id='word_1_5' title='bbox 871 279 916 337; x_wconf 81' lang='lat' dir='ltr'>bs</span> <span class='ocrx_word' id='word_1_6' title='bbox 934 275 1100 335; x_wconf 76' lang='lat' dir='ltr'>nsbsotts</span> <span class='ocrx_word' id='word_1_7' title='bbox 1118 271 1364 333; x_wconf 63' lang='lat' dir='ltr'>PECCATOUUM.</span> 
     </span>
    </p>
   </div>
   <div class='ocr_carea' id='block_1_3' title="bbox 1711 272 1765 335">
    <p class='ocr_par' dir='ltr' id='par_1_3' title="bbox 1711 272 1765 335">
     <span class='ocr_line' id='line_1_3' title="bbox 1711 272 1765 335; baseline 0 0"><span class='ocrx_word' id='word_1_8' title='bbox 1711 272 1765 335; x_wconf 62' lang='lat' dir='ltr'>lbi</span> 
     </span>
    </p>
   </div>
   <div class='ocr_carea' id='block_1_4' title="bbox 127 390 1768 476">
    <p class='ocr_par' dir='ltr' id='par_1_4' title="bbox 127 390 1768 476">
     <span class='ocr_line' id='line_1_4' title="bbox 127 390 1768 476; baseline -0.012 -14"><span class='ocrx_word' id='word_1_9' title='bbox 127 406 245 476; x_wconf 86' lang='lat' dir='ltr'>quinque</span> <span class='ocrx_word' id='word_1_10' title='bbox 263 414 348 459; x_wconf 78' lang='lat' dir='ltr'>annos</span> <span class='ocrx_word' id='word_1_11' title='bbox 372 399 509 473; x_wconf 78' lang='lat' dir='ltr'>poeniteat.</span> <span class='ocrx_word' id='word_1_12' title='bbox 535 398 625 455; x_wconf 83' lang='lat' dir='ltr'>Nolite</span> <span class='ocrx_word' id='word_1_13' title='bbox 647 413 792 465; x_wconf 84' lang='lat' dir='ltr'>exercere,</span> <span class='ocrx_word' id='word_1_14' title='bbox 807 392 1026 471; x_wconf 65' lang='lat' dir='ltr'>qusndoAdies</span> <span class='ocrx_word' id='word_1_15' title='bbox 1054 391 1195 461; x_wconf 85' lang='lat' dir='ltr'>poenitaat.</span> <span class='ocrx_word' id='word_1_16' title='bbox 1232 391 1306 461; x_wconf 82' lang='lat' dir='ltr'>Quit</span> <span class='ocrx_word' id='word_1_17' title='bbox 1328 391 1478 449; x_wconf 88' lang='lat' dir='ltr'>iraodatum</span> <span class='ocrx_word' id='word_1_18' title='bbox 1501 390 1639 460; x_wconf 88' lang='lat' dir='ltr'>comedit,</span> <span class='ocrx_word' id='word_1_19' title='bbox 1664 401 1694 451; x_wconf 80' lang='lat' dir='ltr'>er</span> <span class='ocrx_word' id='word_1_20' title='bbox 1720 406 1768 455; x_wconf 67' lang='lat' dir='ltr'>m</span> 
     </span>
    </p>
   </div>
   <div class='ocr_carea' id='block_1_5' title="bbox 127 490 920 1748">
    <p class='ocr_par' dir='ltr' id='par_1_5' title="bbox 127 490 918 1189">
     <span class='ocr_line' id='line_1_5' title="bbox 127 490 916 561; baseline -0.014 -7"><span class='ocrx_word' id='word_1_21' title='bbox 127 501 188 554; x_wconf 90' lang='lat' dir='ltr'>luna</span> <span class='ocrx_word' id='word_1_22' title='bbox 203 500 378 561; x_wconf 89' lang='lat' dir='ltr'>obscuratur,</span> <span class='ocrx_word' id='word_1_23' title='bbox 399 502 429 548; x_wconf 94' lang='lat' dir='ltr'>ut</span> <span class='ocrx_word' id='word_1_24' title='bbox 442 493 606 549; x_wconf 89' lang='lat' dir='ltr'>elamoribus</span> <span class='ocrx_word' id='word_1_25' title='bbox 629 507 660 546; x_wconf 89' lang='lat' dir='ltr'>ao</span> <span class='ocrx_word' id='word_1_26' title='bbox 678 490 817 547; x_wconf 76' lang='lat' dir='ltr'>maledictis</span> <span class='ocrx_word' id='word_1_27' title='bbox 831 492 916 547; x_wconf 88' lang='lat' dir='ltr'>sacri·</span> 
     </span>
     <span class='ocr_line' id='line_1_6' title="bbox 127 580 915 660; baseline -0.005 -17"><span class='ocrx_word' id='word_1_28' title='bbox 127 589 188 660; x_wconf 86' lang='lat' dir='ltr'>lego</span> <span class='ocrx_word' id='word_1_29' title='bbox 203 602 270 655; x_wconf 88' lang='lat' dir='ltr'>usu,</span> <span class='ocrx_word' id='word_1_30' title='bbox 286 600 316 645; x_wconf 88' lang='lat' dir='ltr'>ss</span> <span class='ocrx_word' id='word_1_31' title='bbox 334 584 477 640; x_wconf 80' lang='lat' dir='ltr'>defensare</span> <span class='ocrx_word' id='word_1_32' title='bbox 497 597 576 652; x_wconf 87' lang='lat' dir='ltr'>posse</span> <span class='ocrx_word' id='word_1_33' title='bbox 597 582 744 638; x_wconf 86' lang='lat' dir='ltr'>conliduot.</span> <span class='ocrx_word' id='word_1_34' title='bbox 758 590 772 621; x_wconf 78' lang='lat'>⁸</span> <span class='ocrx_word' id='word_1_35' title='bbox 786 580 915 653; x_wconf 87' lang='lat' dir='ltr'>Caragios</span> 
     </span>
     <span class='ocr_line' id='line_1_7' title="bbox 127 672 914 746; baseline -0.01 -11"><span class='ocrx_word' id='word_1_36' title='bbox 127 690 155 735; x_wconf 93' lang='lat' dir='ltr'>et</span> <span class='ocrx_word' id='word_1_37' title='bbox 164 679 269 734; x_wconf 85' lang='lat' dir='ltr'>divinos</span> <span class='ocrx_word' id='word_1_38' title='bbox 287 685 497 746; x_wconf 74' lang='lat' dir='ltr'>praecantatores</span> <span class='ocrx_word' id='word_1_39' title='bbox 513 673 537 738; x_wconf 70' lang='lat' dir='ltr'>b,</span> <span class='ocrx_word' id='word_1_40' title='bbox 554 672 614 728; x_wconf 88' lang='lat' dir='ltr'>laici</span> <span class='ocrx_word' id='word_1_41' title='bbox 627 683 681 728; x_wconf 92' lang='lat' dir='ltr'>tres</span> <span class='ocrx_word' id='word_1_42' title='bbox 693 673 751 727; x_wconf 89' lang='lat' dir='ltr'>diss</span> <span class='ocrx_word' id='word_1_43' title='bbox 765 673 823 729; x_wconf 88' lang='lat' dir='ltr'>sine</span> <span class='ocrx_word' id='word_1_44' title='bbox 837 686 914 727; x_wconf 91' lang='lat' dir='ltr'>cere·</span> 
     </span>
     <span class='ocr_line' id='line_1_8' title="bbox 127 763 916 833; baseline -0.009 -8"><span class='ocrx_word' id='word_1_45' title='bbox 127 770 195 827; x_wconf 86' lang='lat' dir='ltr'>risio</span> <span class='ocrx_word' id='word_1_46' title='bbox 209 769 251 823; x_wconf 87' lang='lat' dir='ltr'>rel</span> <span class='ocrx_word' id='word_1_47' title='bbox 266 768 328 823; x_wconf 87' lang='lat' dir='ltr'>rino</span> <span class='ocrx_word' id='word_1_48' title='bbox 341 776 368 821; x_wconf 91' lang='lat' dir='ltr'>et</span> <span class='ocrx_word' id='word_1_49' title='bbox 382 780 474 833; x_wconf 89' lang='lat' dir='ltr'>carne,</span> <span class='ocrx_word' id='word_1_50' title='bbox 488 765 534 819; x_wconf 92' lang='lat' dir='ltr'>alii</span> <span class='ocrx_word' id='word_1_51' title='bbox 547 764 690 821; x_wconf 82' lang='lat' dir='ltr'>duodecim</span> <span class='ocrx_word' id='word_1_52' title='bbox 705 764 773 818; x_wconf 89' lang='lat' dir='ltr'>dies.</span> <span class='ocrx_word' id='word_1_53' title='bbox 786 763 815 819; x_wconf 92' lang='lat' dir='ltr'>Si</span> <span class='ocrx_word' id='word_1_54' title='bbox 829 763 916 820; x_wconf 79' lang='lat' dir='ltr'>fidelis</span> 
     </span>
     <span class='ocr_line' id='line_1_9' title="bbox 127 856 914 927; baseline -0.009 -12"><span class='ocrx_word' id='word_1_55' title='bbox 127 861 211 917; x_wconf 88' lang='lat' dir='ltr'>laicus</span> <span class='ocrx_word' id='word_1_56' title='bbox 226 858 270 927; x_wconf 89' lang='lat' dir='ltr'>sit,</span> <span class='ocrx_word' id='word_1_57' title='bbox 295 858 340 927; x_wconf 91' lang='lat' dir='ltr'>qui</span> <span class='ocrx_word' id='word_1_58' title='bbox 355 871 405 925; x_wconf 89' lang='lat' dir='ltr'>pro</span> <span class='ocrx_word' id='word_1_59' title='bbox 419 856 538 925; x_wconf 78' lang='lat' dir='ltr'>nequitia</span> <span class='ocrx_word' id='word_1_60' title='bbox 561 856 677 911; x_wconf 90' lang='lat' dir='ltr'>inebriat</span> <span class='ocrx_word' id='word_1_61' title='bbox 699 856 832 924; x_wconf 87' lang='lat' dir='ltr'>alterum,</span> <span class='ocrx_word' id='word_1_62' title='bbox 848 870 914 924; x_wconf 88' lang='lat' dir='ltr'>qua·</span> 
     </span>
     <span class='ocr_line' id='line_1_10' title="bbox 128 946 918 1022; baseline -0.004 -16"><span class='ocrx_word' id='word_1_63' title='bbox 128 951 249 1022; x_wconf 83' lang='lat' dir='ltr'>draginta</span> <span class='ocrx_word' id='word_1_64' title='bbox 265 949 322 1005; x_wconf 89' lang='lat' dir='ltr'>dies</span> <span class='ocrx_word' id='word_1_65' title='bbox 338 951 475 1016; x_wconf 74' lang='lat' dir='ltr'>paeniteat.</span> <span class='ocrx_word' id='word_1_66' title='bbox 490 946 519 1002; x_wconf 99' lang='grc' dir='ltr'>δί</span> <span class='ocrx_word' id='word_1_67' title='bbox 532 949 661 1003; x_wconf 78' lang='lat' dir='ltr'>vomitum</span> <span class='ocrx_word' id='word_1_68' title='bbox 674 947 739 1003; x_wconf 85' lang='lat' dir='ltr'>iacit</span> <span class='ocrx_word' id='word_1_69' title='bbox 751 946 918 1003; x_wconf 84' lang='lat' dir='ltr'>irrlirmilatis</span> 
     </span>
     <span class='ocr_line' id='line_1_11' title="bbox 128 1039 453 1110; baseline -0.025 -10"><span class='ocrx_word' id='word_1_70' title='bbox 128 1058 219 1110; x_wconf 89' lang='lat' dir='ltr'>causa,</span> <span class='ocrx_word' id='word_1_71' title='bbox 234 1042 293 1096; x_wconf 90' lang='lat' dir='ltr'>sine</span> <span class='ocrx_word' id='word_1_72' title='bbox 306 1039 385 1109; x_wconf 88' lang='lat' dir='ltr'>orrlpa</span> <span class='ocrx_word' id='word_1_73' title='bbox 401 1046 453 1097; x_wconf 89' lang='lat' dir='ltr'>est.</span> 
     </span>
     <span class='ocr_line' id='line_1_12' title="bbox 387 1130 658 1189; baseline -0.018 0"><span class='ocrx_word' id='word_1_74' title='bbox 387 1131 447 1189; x_wconf 82' lang='lat' dir='ltr'>xit.</span> <span class='ocrx_word' id='word_1_75' title='bbox 467 1130 506 1186; x_wconf 84' lang='lat' dir='ltr'>Dc</span> <span class='ocrx_word' id='word_1_76' title='bbox 524 1130 658 1184; x_wconf 83' lang='lat' dir='ltr'>ebrietate.</span> 
     </span>
    </p>

    <p class='ocr_par' dir='ltr' id='par_1_6' title="bbox 127 1219 920 1748">
     <span class='ocr_line' id='line_1_13' title="bbox 164 1219 919 1295; baseline -0.011 -14"><span class='ocrx_word' id='word_1_77' title='bbox 164 1225 193 1282; x_wconf 89' lang='lat' dir='ltr'>Si</span> <span class='ocrx_word' id='word_1_78' title='bbox 212 1239 260 1295; x_wconf 89' lang='lat' dir='ltr'>per</span> <span class='ocrx_word' id='word_1_79' title='bbox 273 1222 431 1278; x_wconf 84' lang='lat' dir='ltr'>ebrietatem</span> <span class='ocrx_word' id='word_1_80' title='bbox 446 1221 487 1276; x_wconf 85' lang='lat' dir='ltr'>tel</span> <span class='ocrx_word' id='word_1_81' title='bbox 505 1222 678 1276; x_wconf 76' lang='lat' dir='ltr'>voracitatem</span> <span class='ocrx_word' id='word_1_82' title='bbox 696 1219 845 1275; x_wconf 83' lang='lat' dir='ltr'>euomuerit</span> <span class='ocrx_word' id='word_1_83' title='bbox 866 1233 919 1281; x_wconf 86' lang='lat' dir='ltr'>eu·</span> 
     </span>
     <span class='ocr_line' id='line_1_14' title="bbox 127 1311 917 1385; baseline -0.008 -14"><span class='ocrx_word' id='word_1_84' title='bbox 127 1314 297 1385; x_wconf 87' lang='lat' dir='ltr'>citaristiam,</span> <span class='ocrx_word' id='word_1_85' title='bbox 322 1312 496 1384; x_wconf 85' lang='lat' dir='ltr'>quadraginta</span> <span class='ocrx_word' id='word_1_86' title='bbox 512 1311 569 1367; x_wconf 84' lang='lat' dir='ltr'>dies</span> <span class='ocrx_word' id='word_1_87' title='bbox 590 1313 719 1381; x_wconf 82' lang='lat' dir='ltr'>poenitoat</span> <span class='ocrx_word' id='word_1_88' title='bbox 732 1311 846 1367; x_wconf 80' lang='lat' dir='ltr'>clericus</span> <span class='ocrx_word' id='word_1_89' title='bbox 858 1325 917 1365; x_wconf 72' lang='lat' dir='ltr'>mo</span> 
     </span>
     <span class='ocr_line' id='line_1_15' title="bbox 129 1402 918 1474; baseline -0.005 -14"><span class='ocrx_word' id='word_1_90' title='bbox 129 1404 246 1473; x_wconf 84' lang='lat' dir='ltr'>raaclrus,</span> <span class='ocrx_word' id='word_1_91' title='bbox 264 1404 393 1459; x_wconf 88' lang='lat' dir='ltr'>diaconus</span> <span class='ocrx_word' id='word_1_92' title='bbox 406 1402 556 1472; x_wconf 72' lang='lat' dir='ltr'><strong>sexaginta,</strong></span> <span class='ocrx_word' id='word_1_93' title='bbox 572 1402 712 1474; x_wconf 69' lang='lat' dir='ltr'>presbyter</span> <span class='ocrx_word' id='word_1_94' title='bbox 727 1403 918 1473; x_wconf 67' lang='lat' dir='ltr'>septuaginta,</span> 
     </span>
     <span class='ocr_line' id='line_1_16' title="bbox 129 1493 917 1565; baseline 0 -16"><span class='ocrx_word' id='word_1_95' title='bbox 129 1496 304 1565; x_wconf 72' lang='lat' dir='ltr'>episcopuse</span> <span class='ocrx_word' id='word_1_96' title='bbox 332 1502 440 1551; x_wconf 86' lang='lat' dir='ltr'>centum</span> <span class='ocrx_word' id='word_1_97' title='bbox 464 1493 568 1549; x_wconf 86' lang='lat' dir='ltr'>decom.</span> <span class='ocrx_word' id='word_1_98' title='bbox 595 1493 624 1550; x_wconf 89' lang='lat' dir='ltr'>st</span> <span class='ocrx_word' id='word_1_99' title='bbox 649 1494 917 1561; x_wconf 84' lang='lat' dir='ltr'>intirmitatiscausa,</span> 
     </span>
     <span class='ocr_line' id='line_1_17' title="bbox 130 1584 919 1657; baseline -0.003 -16"><span class='ocrx_word' id='word_1_100' title='bbox 130 1597 235 1657; x_wconf 85' lang='lat' dir='ltr'>septem</span> <span class='ocrx_word' id='word_1_101' title='bbox 255 1586 313 1643; x_wconf 87' lang='lat' dir='ltr'>dies</span> <span class='ocrx_word' id='word_1_102' title='bbox 339 1585 523 1655; x_wconf 88' lang='lat' dir='ltr'>unusquisque</span> <span class='ocrx_word' id='word_1_103' title='bbox 537 1602 544 1639; x_wconf 82' lang='lat' dir='ltr'>r</span> <span class='ocrx_word' id='word_1_104' title='bbox 557 1586 617 1640; x_wconf 89' lang='lat' dir='ltr'>sine</span> <span class='ocrx_word' id='word_1_105' title='bbox 637 1584 800 1641; x_wconf 82' lang='lat' dir='ltr'>infirmitatis</span> <span class='ocrx_word' id='word_1_106' title='bbox 822 1599 919 1653; x_wconf 72' lang='lat' dir='ltr'>musa,</span> 
     </span>
     <span class='ocr_line' id='line_1_18' title="bbox 129 1676 920 1748; baseline -0.003 -15"><span class='ocrx_word' id='word_1_107' title='bbox 129 1678 252 1733; x_wconf 84' lang='lat' dir='ltr'>sacrillcii</span> <span class='ocrx_word' id='word_1_108' title='bbox 267 1677 312 1733; x_wconf 90' lang='lat' dir='ltr'>die</span> <span class='ocrx_word' id='word_1_109' title='bbox 326 1686 440 1748; x_wconf 90' lang='lat' dir='ltr'>quatuor</span> <span class='ocrx_word' id='word_1_110' title='bbox 455 1676 512 1733; x_wconf 89' lang='lat' dir='ltr'>dies</span> <span class='ocrx_word' id='word_1_111' title='bbox 529 1695 536 1731; x_wconf 76' lang='grc' dir='ltr'><strong><em>ε</em></strong></span> <span class='ocrx_word' id='word_1_112' title='bbox 552 1676 661 1747; x_wconf 88' lang='lat' dir='ltr'>quidam</span> <span class='ocrx_word' id='word_1_113' title='bbox 677 1676 845 1744; x_wconf 72' lang='lat' dir='ltr'><strong>psalterium,</strong></span> <span class='ocrx_word' id='word_1_114' title='bbox 861 1677 920 1746; x_wconf 91' lang='lat' dir='ltr'>qui·</span> 
     </span>
    </p>
   </div>
   <div class='ocr_carea' id='block_1_6' title="bbox 968 483 1770 1745">
    <p class='ocr_par' dir='ltr' id='par_1_7' title="bbox 968 483 1770 1745">
     <span class='ocr_line' id='line_1_19' title="bbox 969 483 1766 554; baseline 0.013 -17"><span class='ocrx_word' id='word_1_115' title='bbox 969 484 1048 554; x_wconf 87' lang='lat' dir='ltr'>inops</span> <span class='ocrx_word' id='word_1_116' title='bbox 1063 485 1104 539; x_wconf 85' lang='lat' dir='ltr'>rel</span> <span class='ocrx_word' id='word_1_117' title='bbox 1121 483 1225 549; x_wconf 80' lang='lat' dir='ltr'>hebes,</span> <span class='ocrx_word' id='word_1_118' title='bbox 1247 494 1364 553; x_wconf 90' lang='lat' dir='ltr'>quatuor</span> <span class='ocrx_word' id='word_1_119' title='bbox 1387 483 1444 539; x_wconf 88' lang='lat' dir='ltr'>dies</span> <span class='ocrx_word' id='word_1_120' title='bbox 1461 483 1591 552; x_wconf 78' lang='lat' dir='ltr'>praeniteat</span> <span class='ocrx_word' id='word_1_121' title='bbox 1606 498 1615 540; x_wconf 85' lang='lat' dir='ltr'>t</span> <span class='ocrx_word' id='word_1_122' title='bbox 1630 486 1690 545; x_wconf 84' lang='lat' dir='ltr'>sani</span> <span class='ocrx_word' id='word_1_123' title='bbox 1714 500 1766 547; x_wconf 68' lang='lat' dir='ltr'>bu·</span> 
     </span>
     <span class='ocr_line' id='line_1_20' title="bbox 969 572 1767 644; baseline 0.005 -18"><span class='ocrx_word' id='word_1_124' title='bbox 969 581 1023 631; x_wconf 89' lang='lat' dir='ltr'>tem</span> <span class='ocrx_word' id='word_1_125' title='bbox 1039 583 1068 628; x_wconf 92' lang='lat' dir='ltr'>et</span> <span class='ocrx_word' id='word_1_126' title='bbox 1085 572 1196 636; x_wconf 89' lang='lat' dir='ltr'>inlirmi,</span> <span class='ocrx_word' id='word_1_127' title='bbox 1221 572 1244 627; x_wconf 91' lang='lat' dir='ltr'>si</span> <span class='ocrx_word' id='word_1_128' title='bbox 1268 573 1373 641; x_wconf 87' lang='lat' dir='ltr'>sciunt,</span> <span class='ocrx_word' id='word_1_129' title='bbox 1402 573 1578 644; x_wconf 87' lang='lat' dir='ltr'>quadraginta</span> <span class='ocrx_word' id='word_1_130' title='bbox 1594 573 1654 629; x_wconf 88' lang='lat' dir='ltr'>dies</span> <span class='ocrx_word' id='word_1_131' title='bbox 1675 576 1767 644; x_wconf 62' lang='lat' dir='ltr'>presb</span> 
     </span>
     <span class='ocr_line' id='line_1_21' title="bbox 970 663 1765 734; baseline 0.008 -18"><span class='ocrx_word' id='word_1_132' title='bbox 970 670 1051 720; x_wconf 89' lang='lat' dir='ltr'>teant.</span> <span class='ocrx_word' id='word_1_133' title='bbox 1075 663 1125 732; x_wconf 85' lang='lat' dir='ltr'>Qui</span> <span class='ocrx_word' id='word_1_134' title='bbox 1148 677 1219 733; x_wconf 74' lang='lat' dir='ltr'>saepe</span> <span class='ocrx_word' id='word_1_135' title='bbox 1248 664 1361 730; x_wconf 84' lang='lat' dir='ltr'>iaciunt,</span> <span class='ocrx_word' id='word_1_136' title='bbox 1383 673 1438 720; x_wconf 89' lang='lat' dir='ltr'>tres</span> <span class='ocrx_word' id='word_1_137' title='bbox 1462 665 1705 734; x_wconf 83' lang='lat' dir='ltr'>quadragesimas,</span> <span class='ocrx_word' id='word_1_138' title='bbox 1720 668 1765 724; x_wconf 82' lang='lat' dir='ltr'>rel</span> 
     </span>
     <span class='ocr_line' id='line_1_22' title="bbox 969 755 1767 822; baseline 0.006 -14"><span class='ocrx_word' id='word_1_139' title='bbox 969 770 1079 810; x_wconf 81' lang='lat' dir='ltr'>ararium.</span> <span class='ocrx_word' id='word_1_140' title='bbox 1091 755 1143 822; x_wconf 81' lang='lat' dir='ltr'>Qut</span> <span class='ocrx_word' id='word_1_141' title='bbox 1158 755 1277 813; x_wconf 86' lang='lat' dir='ltr'>comedit</span> <span class='ocrx_word' id='word_1_142' title='bbox 1291 759 1332 811; x_wconf 82' lang='lat' dir='ltr'>tel</span> <span class='ocrx_word' id='word_1_143' title='bbox 1349 757 1414 811; x_wconf 82' lang='lat' dir='ltr'>bibit</span> <span class='ocrx_word' id='word_1_144' title='bbox 1434 756 1573 811; x_wconf 87' lang='lat' dir='ltr'>intinctam</span> <span class='ocrx_word' id='word_1_145' title='bbox 1596 773 1612 810; x_wconf 93' lang='lat' dir='ltr'>a</span> <span class='ocrx_word' id='word_1_146' title='bbox 1635 756 1767 819; x_wconf 76' lang='lat' dir='ltr'>iarnilirri</span> 
     </span>
     <span class='ocr_line' id='line_1_23' title="bbox 970 846 1769 915; baseline 0.011 -15"><span class='ocrx_word' id='word_1_147' title='bbox 970 846 1065 911; x_wconf 86' lang='lat' dir='ltr'>bestia,</span> <span class='ocrx_word' id='word_1_148' title='bbox 1080 847 1105 900; x_wconf 92' lang='lat' dir='ltr'>id</span> <span class='ocrx_word' id='word_1_149' title='bbox 1119 856 1170 911; x_wconf 87' lang='lat' dir='ltr'>est,</span> <span class='ocrx_word' id='word_1_150' title='bbox 1179 861 1257 911; x_wconf 86' lang='lat' dir='ltr'>curre,</span> <span class='ocrx_word' id='word_1_151' title='bbox 1272 847 1404 914; x_wconf 87' lang='lat' dir='ltr'>velcatto,</span> <span class='ocrx_word' id='word_1_152' title='bbox 1418 847 1515 914; x_wconf 89' lang='lat' dir='ltr'>etscit,</span> <span class='ocrx_word' id='word_1_153' title='bbox 1526 851 1769 915; x_wconf 78' lang='lat' dir='ltr'>centurnpsalutss</span> 
     </span>
     <span class='ocr_line' id='line_1_24' title="bbox 968 938 1769 1010; baseline 0.015 -19"><span class='ocrx_word' id='word_1_154' title='bbox 968 947 1068 1003; x_wconf 91' lang='lat' dir='ltr'>carrtct,</span> <span class='ocrx_word' id='word_1_155' title='bbox 1086 939 1127 993; x_wconf 83' lang='lat' dir='ltr'>rel</span> <span class='ocrx_word' id='word_1_156' title='bbox 1140 954 1221 992; x_wconf 85' lang='lat' dir='ltr'>urium</span> <span class='ocrx_word' id='word_1_157' title='bbox 1237 940 1309 993; x_wconf 84' lang='lat' dir='ltr'>dictu</span> <span class='ocrx_word' id='word_1_158' title='bbox 1325 938 1442 1009; x_wconf 81' lang='lat' dir='ltr'>jejrrnet.</span> <span class='ocrx_word' id='word_1_159' title='bbox 1458 939 1488 995; x_wconf 86' lang='lat' dir='ltr'>Si</span> <span class='ocrx_word' id='word_1_160' title='bbox 1504 941 1564 1010; x_wconf 89' lang='lat' dir='ltr'>quis</span> <span class='ocrx_word' id='word_1_161' title='bbox 1583 941 1690 1001; x_wconf 80' lang='lat' dir='ltr'>dederit</span> <span class='ocrx_word' id='word_1_162' title='bbox 1716 945 1769 1003; x_wconf 85' lang='lat' dir='ltr'>ril-</span> 
     </span>
     <span class='ocr_line' id='line_1_25' title="bbox 968 1028 1767 1099; baseline 0.011 -16"><span class='ocrx_word' id='word_1_163' title='bbox 968 1029 1012 1083; x_wconf 88' lang='lat' dir='ltr'>oui</span> <span class='ocrx_word' id='word_1_164' title='bbox 1028 1028 1159 1099; x_wconf 80' lang='lat' dir='ltr'>liquorem</span> <span class='ocrx_word' id='word_1_165' title='bbox 1172 1029 1197 1083; x_wconf 91' lang='lat' dir='ltr'>in</span> <span class='ocrx_word' id='word_1_166' title='bbox 1213 1045 1266 1098; x_wconf 92' lang='lat' dir='ltr'>quo</span> <span class='ocrx_word' id='word_1_167' title='bbox 1281 1045 1341 1084; x_wconf 86' lang='lat' dir='ltr'>urus</span> <span class='ocrx_word' id='word_1_168' title='bbox 1354 1032 1396 1086; x_wconf 82' lang='lat' dir='ltr'>rel</span> <span class='ocrx_word' id='word_1_169' title='bbox 1420 1031 1549 1087; x_wconf 76' lang='lat' dir='ltr'>mustella</span> <span class='ocrx_word' id='word_1_170' title='bbox 1564 1041 1670 1088; x_wconf 83' lang='lat' dir='ltr'>mortua</span> <span class='ocrx_word' id='word_1_171' title='bbox 1685 1033 1767 1092; x_wconf 53' lang='lat' dir='ltr'>inrue</span> 
     </span>
     <span class='ocr_line' id='line_1_26' title="bbox 970 1117 1768 1192; baseline 0.014 -21"><span class='ocrx_word' id='word_1_172' title='bbox 970 1117 1098 1183; x_wconf 81' lang='lat' dir='ltr'>nituntur,</span> <span class='ocrx_word' id='word_1_173' title='bbox 1115 1119 1138 1174; x_wconf 88' lang='lat' dir='ltr'>si</span> <span class='ocrx_word' id='word_1_174' title='bbox 1150 1120 1300 1187; x_wconf 75' lang='lat' dir='ltr'>sscrtlaris,</span> <span class='ocrx_word' id='word_1_175' title='bbox 1317 1122 1500 1190; x_wconf 82' lang='lat' dir='ltr'>quatuordics</span> <span class='ocrx_word' id='word_1_176' title='bbox 1515 1125 1655 1192; x_wconf 83' lang='lat' dir='ltr'>poeuileat,</span> <span class='ocrx_word' id='word_1_177' title='bbox 1670 1126 1768 1187; x_wconf 76' lang='lat' dir='ltr'>luco·</span> 
     </span>
     <span class='ocr_line' id='line_1_27' title="bbox 970 1213 1770 1286; baseline 0.011 -18"><span class='ocrx_word' id='word_1_178' title='bbox 970 1213 1059 1269; x_wconf 86' lang='lat' dir='ltr'>nolriis</span> <span class='ocrx_word' id='word_1_179' title='bbox 1074 1223 1209 1269; x_wconf 88' lang='lat' dir='ltr'>trecentos</span> <span class='ocrx_word' id='word_1_180' title='bbox 1225 1216 1344 1283; x_wconf 87' lang='lat' dir='ltr'>psalmos</span> <span class='ocrx_word' id='word_1_181' title='bbox 1368 1226 1470 1273; x_wconf 88' lang='lat' dir='ltr'>cantet.</span> <span class='ocrx_word' id='word_1_182' title='bbox 1485 1216 1535 1284; x_wconf 83' lang='lat' dir='ltr'>Qui</span> <span class='ocrx_word' id='word_1_183' title='bbox 1551 1226 1644 1286; x_wconf 86' lang='lat' dir='ltr'>postea</span> <span class='ocrx_word' id='word_1_184' title='bbox 1659 1218 1770 1277; x_wconf 68' lang='lat' dir='ltr'>normis</span> 
     </span>
     <span class='ocr_line' id='line_1_28' title="bbox 970 1304 1769 1376; baseline 0.011 -16"><span class='ocrx_word' id='word_1_185' title='bbox 970 1305 1044 1375; x_wconf 90' lang='lat' dir='ltr'>qood</span> <span class='ocrx_word' id='word_1_186' title='bbox 1067 1304 1148 1360; x_wconf 89' lang='lat' dir='ltr'>talem</span> <span class='ocrx_word' id='word_1_187' title='bbox 1177 1317 1269 1375; x_wconf 86' lang='lat' dir='ltr'>potunt</span> <span class='ocrx_word' id='word_1_188' title='bbox 1294 1307 1402 1375; x_wconf 88' lang='lat' dir='ltr'>biberit,</span> <span class='ocrx_word' id='word_1_189' title='bbox 1421 1309 1597 1376; x_wconf 60' lang='lat' dir='ltr'>*psalterium</span> <span class='ocrx_word' id='word_1_190' title='bbox 1612 1319 1715 1367; x_wconf 83' lang='lat' dir='ltr'>cantet.</span> <span class='ocrx_word' id='word_1_191' title='bbox 1733 1311 1769 1369; x_wconf 82' lang='lat' dir='ltr'>st</span> 
     </span>
     <span class='ocr_line' id='line_1_29' title="bbox 975 1399 1769 1473; baseline 0.008 -19"><span class='ocrx_word' id='word_1_192' title='bbox 975 1399 1035 1473; x_wconf 89' lang='lat' dir='ltr'>quis</span> <span class='ocrx_word' id='word_1_193' title='bbox 1048 1401 1226 1455; x_wconf 86' lang='lat' dir='ltr'>semicoctum</span> <span class='ocrx_word' id='word_1_194' title='bbox 1240 1401 1388 1455; x_wconf 83' lang='lat' dir='ltr'>conraderit</span> <span class='ocrx_word' id='word_1_195' title='bbox 1412 1401 1525 1467; x_wconf 77' lang='lat' dir='ltr'>irisaius,</span> <span class='ocrx_word' id='word_1_196' title='bbox 1541 1412 1595 1457; x_wconf 86' lang='lat' dir='ltr'>tres</span> <span class='ocrx_word' id='word_1_197' title='bbox 1605 1401 1664 1458; x_wconf 84' lang='lat' dir='ltr'>dies</span> <span class='ocrx_word' id='word_1_198' title='bbox 1675 1401 1769 1472; x_wconf 81' lang='lat' dir='ltr'>paeni·</span> 
     </span>
     <span class='ocr_line' id='line_1_30' title="bbox 972 1490 1770 1565; baseline 0.01 -20"><span class='ocrx_word' id='word_1_199' title='bbox 972 1499 1037 1557; x_wconf 86' lang='lat' dir='ltr'>teat,</span> <span class='ocrx_word' id='word_1_200' title='bbox 1061 1490 1103 1547; x_wconf 83' lang='lat' dir='ltr'>sel</span> <span class='ocrx_word' id='word_1_201' title='bbox 1130 1493 1284 1561; x_wconf 70' lang='lat' dir='ltr'>psalterium</span> <span class='ocrx_word' id='word_1_202' title='bbox 1300 1502 1399 1547; x_wconf 68' lang='lat' dir='ltr'>«tantm.</span> <span class='ocrx_word' id='word_1_203' title='bbox 1415 1493 1510 1549; x_wconf 84' lang='lat' dir='ltr'>Sciens</span> <span class='ocrx_word' id='word_1_204' title='bbox 1524 1502 1632 1561; x_wconf 85' lang='lat' dir='ltr'>autem,</span> <span class='ocrx_word' id='word_1_205' title='bbox 1649 1506 1770 1565; x_wconf 84' lang='lat' dir='ltr'>quatuor</span> 
     </span>
     <span class='ocr_line' id='line_1_31' title="bbox 974 1581 1770 1659; baseline 0.006 -22"><span class='ocrx_word' id='word_1_206' title='bbox 974 1581 1033 1639; x_wconf 84' lang='lat' dir='ltr'>diss</span> <span class='ocrx_word' id='word_1_207' title='bbox 1056 1583 1196 1653; x_wconf 82' lang='lat' dir='ltr'>peniteat.</span> <span class='ocrx_word' id='word_1_208' title='bbox 1212 1583 1264 1638; x_wconf 85' lang='lat' dir='ltr'>Pro</span> <span class='ocrx_word' id='word_1_209' title='bbox 1279 1586 1386 1639; x_wconf 87' lang='lat' dir='ltr'>modico</span> <span class='ocrx_word' id='word_1_210' title='bbox 1412 1583 1494 1651; x_wconf 86' lang='lat' dir='ltr'>lurco,</span> <span class='ocrx_word' id='word_1_211' title='bbox 1509 1585 1618 1655; x_wconf 86' lang='lat' dir='ltr'>triginta</span> <span class='ocrx_word' id='word_1_212' title='bbox 1632 1585 1693 1642; x_wconf 83' lang='lat' dir='ltr'>dies</span> <span class='ocrx_word' id='word_1_213' title='bbox 1707 1602 1770 1659; x_wconf 81' lang='lat' dir='ltr'>prs·</span> 
     </span>
     <span class='ocr_line' id='line_1_32' title="bbox 974 1675 1767 1745; baseline 0.006 -15"><span class='ocrx_word' id='word_1_214' title='bbox 974 1677 1062 1731; x_wconf 88' lang='lat' dir='ltr'>niteat</span> <span class='ocrx_word' id='word_1_215' title='bbox 1080 1677 1106 1729; x_wconf 94' lang='lat' dir='ltr'>in</span> <span class='ocrx_word' id='word_1_216' title='bbox 1121 1675 1214 1745; x_wconf 89' lang='lat' dir='ltr'>riginri</span> <span class='ocrx_word' id='word_1_217' title='bbox 1230 1690 1323 1731; x_wconf 86' lang='lat' dir='ltr'>anrros.</span> <span class='ocrx_word' id='word_1_218' title='bbox 1342 1675 1420 1731; x_wconf 86' lang='lat' dir='ltr'>Pueri</span> <span class='ocrx_word' id='word_1_219' title='bbox 1441 1677 1535 1731; x_wconf 82' lang='lat' dir='ltr'>decom</span> <span class='ocrx_word' id='word_1_220' title='bbox 1558 1692 1694 1734; x_wconf 75' lang='lat' dir='ltr'>armorum</span> <span class='ocrx_word' id='word_1_221' title='bbox 1714 1678 1767 1735; x_wconf 80' lang='lat' dir='ltr'>ali·</span> 
     </span>
    </p>
   </div>
   <div class='ocr_carea' id='block_1_7' title="bbox 129 1753 1766 1839">
    <p class='ocr_par' dir='ltr' id='par_1_8' title="bbox 129 1753 1766 1839">
     <span class='ocr_line' id='line_1_33' title="bbox 129 1753 1766 1839; baseline 0.001 -15"><span class='ocrx_word' id='word_1_222' title='bbox 129 1769 191 1824; x_wconf 91' lang='lat' dir='ltr'>dam</span> <span class='ocrx_word' id='word_1_223' title='bbox 212 1769 252 1823; x_wconf 87' lang='lat' dir='ltr'>bis</span> <span class='ocrx_word' id='word_1_224' title='bbox 273 1767 429 1839; x_wconf 76' lang='lat' dir='ltr'>psalterium</span> <span class='ocrx_word' id='word_1_225' title='bbox 443 1765 456 1805; x_wconf 74' lang='lat'>⁴¹</span> <span class='ocrx_word' id='word_1_226' title='bbox 471 1781 548 1821; x_wconf 90' lang='lat' dir='ltr'>soum</span> <span class='ocrx_word' id='word_1_227' title='bbox 573 1765 696 1821; x_wconf 78' lang='lat' dir='ltr'>sacrificii</span> <span class='ocrx_word' id='word_1_228' title='bbox 717 1765 761 1822; x_wconf 86' lang='lat' dir='ltr'>die</span> <span class='ocrx_word' id='word_1_229' title='bbox 783 1766 810 1820; x_wconf 91' lang='lat' dir='ltr'>iu</span> <span class='ocrx_word' id='word_1_230' title='bbox 830 1767 918 1837; x_wconf 84' lang='lat' dir='ltr'>ignaru</span> <span class='ocrx_word' id='word_1_231' title='bbox 938 1753 1045 1839; x_wconf 76' lang='lat' dir='ltr'>Bquod</span> <span class='ocrx_word' id='word_1_232' title='bbox 1060 1764 1160 1820; x_wconf 82' lang='lat' dir='ltr'>lurtum</span> <span class='ocrx_word' id='word_1_233' title='bbox 1178 1765 1318 1830; x_wconf 85' lang='lat' dir='ltr'>iacientes,</span> <span class='ocrx_word' id='word_1_234' title='bbox 1342 1777 1456 1836; x_wconf 91' lang='lat' dir='ltr'>quatuor</span> <span class='ocrx_word' id='word_1_235' title='bbox 1480 1766 1539 1822; x_wconf 87' lang='lat' dir='ltr'>dies</span> <span class='ocrx_word' id='word_1_236' title='bbox 1559 1768 1766 1837; x_wconf 69' lang='lat' dir='ltr'>perterreat</span> 
     </span>
    </p>
   </div>
   <div class='ocr_carea' id='block_1_8' title="bbox 129 1857 1769 2475">
    <p class='ocr_par' dir='ltr' id='par_1_9' title="bbox 129 1857 1769 2475">
     <span class='ocr_line' id='line_1_34' title="bbox 129 1857 1767 1933; baseline -0.001 -15"><span class='ocrx_word' id='word_1_237' title='bbox 129 1861 253 1933; x_wconf 79' lang='lat' dir='ltr'>proiecit,</span> <span class='ocrx_word' id='word_1_238' title='bbox 268 1861 309 1917; x_wconf 84' lang='lat' dir='ltr'>vel</span> <span class='ocrx_word' id='word_1_239' title='bbox 325 1860 351 1915; x_wconf 93' lang='lat' dir='ltr'>in</span> <span class='ocrx_word' id='word_1_240' title='bbox 367 1858 493 1923; x_wconf 85' lang='lat' dir='ltr'>domine,</span> <span class='ocrx_word' id='word_1_241' title='bbox 514 1867 623 1913; x_wconf 83' lang='lat' dir='ltr'>eentum</span> <span class='ocrx_word' id='word_1_242' title='bbox 635 1857 754 1927; x_wconf 89' lang='lat' dir='ltr'>psalmos</span> <span class='ocrx_word' id='word_1_243' title='bbox 768 1865 871 1913; x_wconf 84' lang='lat' dir='ltr'>cantet.</span> <span class='ocrx_word' id='word_1_244' title='bbox 887 1857 916 1913; x_wconf 87' lang='lat' dir='ltr'>Si</span> <span class='ocrx_word' id='word_1_245' title='bbox 972 1860 1032 1929; x_wconf 89' lang='lat' dir='ltr'>quis</span> <span class='ocrx_word' id='word_1_246' title='bbox 1048 1858 1187 1913; x_wconf 87' lang='lat' dir='ltr'>intinxerit</span> <span class='ocrx_word' id='word_1_247' title='bbox 1200 1874 1308 1913; x_wconf 84' lang='lat' dir='ltr'>marnam</span> <span class='ocrx_word' id='word_1_248' title='bbox 1324 1859 1350 1913; x_wconf 87' lang='lat' dir='ltr'>io</span> <span class='ocrx_word' id='word_1_249' title='bbox 1366 1859 1456 1926; x_wconf 89' lang='lat' dir='ltr'>aliquo</span> <span class='ocrx_word' id='word_1_250' title='bbox 1478 1859 1549 1926; x_wconf 89' lang='lat' dir='ltr'>cibo,</span> <span class='ocrx_word' id='word_1_251' title='bbox 1582 1872 1609 1915; x_wconf 89' lang='lat' dir='ltr'>et</span> <span class='ocrx_word' id='word_1_252' title='bbox 1630 1874 1685 1915; x_wconf 89' lang='lat' dir='ltr'>aon</span> <span class='ocrx_word' id='word_1_253' title='bbox 1705 1860 1767 1919; x_wconf 75' lang='lat' dir='ltr'>ida·</span> 
     </span>
     <span class='ocr_line' id='line_1_35' title="bbox 130 1945 1765 2015; baseline -0.004 -5"><span class='ocrx_word' id='word_1_254' title='bbox 130 1969 211 2011; x_wconf 84' lang='lat' dir='ltr'>tanes</span> <span class='ocrx_word' id='word_1_255' title='bbox 225 1953 368 2008; x_wconf 87' lang='lat' dir='ltr'>comedunt</span> <span class='ocrx_word' id='word_1_256' title='bbox 382 1952 466 2007; x_wconf 79' lang='lat' dir='ltr'>talem</span> <span class='ocrx_word' id='word_1_257' title='bbox 481 1951 630 2015; x_wconf 87' lang='lat' dir='ltr'>vomitum,</span> <span class='ocrx_word' id='word_1_258' title='bbox 651 1960 760 2006; x_wconf 80' lang='lat' dir='ltr'>ceritum</span> <span class='ocrx_word' id='word_1_259' title='bbox 771 1949 918 2015; x_wconf 86' lang='lat' dir='ltr'>diebus,si</span> <span class='ocrx_word' id='word_1_260' title='bbox 971 1961 1022 2001; x_wconf 88' lang='lat' dir='ltr'>nea</span> <span class='ocrx_word' id='word_1_261' title='bbox 1034 1962 1126 2011; x_wconf 86' lang='lat' dir='ltr'>mano,</span> <span class='ocrx_word' id='word_1_262' title='bbox 1147 1957 1256 2001; x_wconf 87' lang='lat' dir='ltr'>centum</span> <span class='ocrx_word' id='word_1_263' title='bbox 1273 1945 1283 1983; x_wconf 89' lang='lat'>¹</span> <span class='ocrx_word' id='word_1_264' title='bbox 1303 1946 1441 2015; x_wconf 85' lang='lat' dir='ltr'>palrrradas</span> <span class='ocrx_word' id='word_1_265' title='bbox 1452 1948 1618 2003; x_wconf 79' lang='lat' dir='ltr'>mareudetur.</span> <span class='ocrx_word' id='word_1_266' title='bbox 1635 1946 1666 2004; x_wconf 82' lang='lat' dir='ltr'>st</span> <span class='ocrx_word' id='word_1_267' title='bbox 1682 1948 1709 2004; x_wconf 94' lang='lat' dir='ltr'>in</span> <span class='ocrx_word' id='word_1_268' title='bbox 1722 1945 1765 2004; x_wconf 80' lang='lat' dir='ltr'>la·</span> 
     </span>
     <span class='ocr_line' id='line_1_36' title="bbox 130 2035 1768 2112; baseline -0.001 -11"><span class='ocrx_word' id='word_1_269' title='bbox 130 2044 201 2101; x_wconf 87' lang='lat' dir='ltr'>seit:</span> <span class='ocrx_word' id='word_1_270' title='bbox 218 2045 240 2100; x_wconf 92' lang='lat' dir='ltr'>si</span> <span class='ocrx_word' id='word_1_271' title='bbox 254 2059 308 2100; x_wconf 84' lang='lat' dir='ltr'>uorr</span> <span class='ocrx_word' id='word_1_272' title='bbox 324 2043 384 2112; x_wconf 88' lang='lat' dir='ltr'>scit,</span> <span class='ocrx_word' id='word_1_273' title='bbox 400 2041 586 2111; x_wconf 88' lang='lat' dir='ltr'>qnadraginta.</span> <span class='ocrx_word' id='word_1_274' title='bbox 603 2043 735 2108; x_wconf 73' lang='lat' dir='ltr'>(lairere</span> <span class='ocrx_word' id='word_1_275' title='bbox 752 2039 919 2097; x_wconf 89' lang='lat' dir='ltr'>inebriantur</span> <span class='ocrx_word' id='word_1_276' title='bbox 972 2035 1028 2089; x_wconf 78' lang='lat' dir='ltr'>rius</span> <span class='ocrx_word' id='word_1_277' title='bbox 1044 2045 1090 2089; x_wconf 84' lang='lat' dir='ltr'>aul</span> <span class='ocrx_word' id='word_1_278' title='bbox 1108 2036 1135 2089; x_wconf 93' lang='lat' dir='ltr'>in</span> <span class='ocrx_word' id='word_1_279' title='bbox 1149 2036 1241 2107; x_wconf 89' lang='lat' dir='ltr'>aliquo</span> <span class='ocrx_word' id='word_1_280' title='bbox 1255 2037 1316 2093; x_wconf 91' lang='lat' dir='ltr'>cibo</span> <span class='ocrx_word' id='word_1_281' title='bbox 1329 2037 1401 2092; x_wconf 90' lang='lat' dir='ltr'>sicco</span> <span class='ocrx_word' id='word_1_282' title='bbox 1425 2049 1472 2091; x_wconf 87' lang='lat' dir='ltr'>aut</span> <span class='ocrx_word' id='word_1_283' title='bbox 1497 2037 1523 2093; x_wconf 93' lang='lat' dir='ltr'>in</span> <span class='ocrx_word' id='word_1_284' title='bbox 1549 2039 1622 2109; x_wconf 84' lang='lat' dir='ltr'>pulta</span> <span class='ocrx_word' id='word_1_285' title='bbox 1636 2040 1768 2099; x_wconf 83' lang='lat' dir='ltr'>autlruts</span> 
     </span>
     <span class='ocr_line' id='line_1_37' title="bbox 132 2127 1768 2204; baseline 0 -17"><span class='ocrx_word' id='word_1_286' title='bbox 132 2140 406 2204; x_wconf 82' lang='lat' dir='ltr'>contrapraceptum</span> <span class='ocrx_word' id='word_1_287' title='bbox 425 2129 921 2197; x_wconf 84' lang='lat' dir='ltr'>bomini,sirotumsanctitatisba·</span> <span class='ocrx_word' id='word_1_288' title='bbox 971 2127 1113 2197; x_wconf 88' lang='lat' dir='ltr'>coagulato</span> <span class='ocrx_word' id='word_1_289' title='bbox 1142 2142 1202 2183; x_wconf 80' lang='lat' dir='ltr'>rarus</span> <span class='ocrx_word' id='word_1_290' title='bbox 1222 2127 1264 2183; x_wconf 88' lang='lat' dir='ltr'>rel</span> <span class='ocrx_word' id='word_1_291' title='bbox 1293 2129 1417 2184; x_wconf 85' lang='lat' dir='ltr'>mustella</span> <span class='ocrx_word' id='word_1_292' title='bbox 1438 2142 1544 2185; x_wconf 81' lang='lat' dir='ltr'>mortua</span> <span class='ocrx_word' id='word_1_293' title='bbox 1567 2131 1768 2203; x_wconf 83' lang='lat' dir='ltr'>inueniuntur,</span> 
     </span>
     <span class='ocr_line' id='line_1_38' title="bbox 130 2216 1768 2296; baseline 0.001 -18"><span class='ocrx_word' id='word_1_294' title='bbox 130 2222 195 2279; x_wconf 89' lang='lat' dir='ltr'>beot</span> <span class='ocrx_word' id='word_1_295' title='bbox 210 2224 272 2296; x_wconf 91' lang='lat' dir='ltr'>(boc</span> <span class='ocrx_word' id='word_1_296' title='bbox 284 2232 325 2278; x_wconf 90' lang='lat' dir='ltr'>est</span> <span class='ocrx_word' id='word_1_297' title='bbox 335 2221 462 2289; x_wconf 82' lang='lat' dir='ltr'>ebrietas,</span> <span class='ocrx_word' id='word_1_298' title='bbox 477 2221 585 2292; x_wconf 90' lang='lat' dir='ltr'>quando</span> <span class='ocrx_word' id='word_1_299' title='bbox 597 2231 699 2277; x_wconf 86' lang='lat' dir='ltr'>statura</span> <span class='ocrx_word' id='word_1_300' title='bbox 712 2220 809 2279; x_wconf 88' lang='lat' dir='ltr'>mentis</span> <span class='ocrx_word' id='word_1_301' title='bbox 821 2230 919 2287; x_wconf 89' lang='lat' dir='ltr'>motat,</span> <span class='ocrx_word' id='word_1_302' title='bbox 972 2217 1043 2288; x_wconf 93' lang='lat' dir='ltr'>quod</span> <span class='ocrx_word' id='word_1_303' title='bbox 1058 2217 1084 2272; x_wconf 88' lang='lat' dir='ltr'>iu</span> <span class='ocrx_word' id='word_1_304' title='bbox 1098 2217 1212 2272; x_wconf 87' lang='lat' dir='ltr'>circuitu</span> <span class='ocrx_word' id='word_1_305' title='bbox 1229 2216 1288 2287; x_wconf 83' lang='lat' dir='ltr'>ejus</span> <span class='ocrx_word' id='word_1_306' title='bbox 1309 2219 1486 2285; x_wconf 88' lang='lat' dir='ltr'>remanserit,</span> <span class='ocrx_word' id='word_1_307' title='bbox 1500 2220 1657 2290; x_wconf 77' lang='lat' dir='ltr'>projicietur</span> <span class='ocrx_word' id='word_1_308' title='bbox 1671 2221 1768 2281; x_wconf 74' lang='lat' dir='ltr'>iores:</span> 
     </span>
     <span class='ocr_line' id='line_1_39' title="bbox 130 2305 1753 2384; baseline 0.004 -17"><span class='ocrx_word' id='word_1_309' title='bbox 130 2322 159 2368; x_wconf 90' lang='lat' dir='ltr'>et</span> <span class='ocrx_word' id='word_1_310' title='bbox 172 2313 269 2383; x_wconf 75' lang='lat' dir='ltr'>linguas</span> <span class='ocrx_word' id='word_1_311' title='bbox 285 2310 450 2375; x_wconf 84' lang='lat' dir='ltr'>balbutiunt,</span> <span class='ocrx_word' id='word_1_312' title='bbox 466 2318 495 2366; x_wconf 91' lang='lat' dir='ltr'>et</span> <span class='ocrx_word' id='word_1_313' title='bbox 507 2311 579 2367; x_wconf 91' lang='lat' dir='ltr'>oculi</span> <span class='ocrx_word' id='word_1_314' title='bbox 595 2312 753 2384; x_wconf 84' lang='lat' dir='ltr'>turbantur,</span> <span class='ocrx_word' id='word_1_315' title='bbox 775 2320 802 2366; x_wconf 91' lang='lat' dir='ltr'>et</span> <span class='ocrx_word' id='word_1_316' title='bbox 816 2311 921 2381; x_wconf 80' lang='lat' dir='ltr'>uertigo</span> <span class='ocrx_word' id='word_1_317' title='bbox 971 2315 998 2359; x_wconf 91' lang='lat' dir='ltr'>et</span> <span class='ocrx_word' id='word_1_318' title='bbox 1024 2305 1094 2376; x_wconf 85' lang='lat' dir='ltr'>quud</span> <span class='ocrx_word' id='word_1_319' title='bbox 1121 2306 1253 2376; x_wconf 84' lang='lat' dir='ltr'>reliquum</span> <span class='ocrx_word' id='word_1_320' title='bbox 1279 2314 1321 2363; x_wconf 86' lang='lat' dir='ltr'>est</span> <span class='ocrx_word' id='word_1_321' title='bbox 1346 2309 1532 2366; x_wconf 86' lang='lat' dir='ltr'>nrarrducetur.</span> <span class='ocrx_word' id='word_1_322' title='bbox 1559 2311 1626 2367; x_wconf 86' lang='lat' dir='ltr'>item</span> <span class='ocrx_word' id='word_1_323' title='bbox 1643 2313 1691 2382; x_wconf 87' lang='lat' dir='ltr'>qui</span> <span class='ocrx_word' id='word_1_324' title='bbox 1716 2328 1753 2373; x_wconf 77' lang='lat' dir='ltr'>stt</span> 
     </span>
     <span class='ocr_line' id='line_1_40' title="bbox 131 2396 1769 2475; baseline 0.001 -16"><span class='ocrx_word' id='word_1_325' title='bbox 131 2403 194 2475; x_wconf 82' lang='lat' dir='ltr'>erit,</span> <span class='ocrx_word' id='word_1_326' title='bbox 214 2413 241 2457; x_wconf 88' lang='lat' dir='ltr'>et</span> <span class='ocrx_word' id='word_1_327' title='bbox 252 2403 352 2456; x_wconf 84' lang='lat' dir='ltr'>uentris</span> <span class='ocrx_word' id='word_1_328' title='bbox 364 2400 504 2470; x_wconf 86' lang='lat' dir='ltr'>distensio,</span> <span class='ocrx_word' id='word_1_329' title='bbox 528 2415 559 2462; x_wconf 87' lang='lat' dir='ltr'>ac</span> <span class='ocrx_word' id='word_1_330' title='bbox 574 2402 651 2457; x_wconf 91' lang='lat' dir='ltr'>dolor</span> <span class='ocrx_word' id='word_1_331' title='bbox 667 2401 812 2473; x_wconf 89' lang='lat' dir='ltr'>sequitur),</span> <span class='ocrx_word' id='word_1_332' title='bbox 827 2405 850 2459; x_wconf 88' lang='lat' dir='ltr'>si</span> <span class='ocrx_word' id='word_1_333' title='bbox 863 2404 920 2459; x_wconf 91' lang='lat' dir='ltr'>cle·</span> <span class='ocrx_word' id='word_1_334' title='bbox 975 2405 1039 2463; x_wconf 79' lang='lat' dir='ltr'>lem,</span> <span class='ocrx_word' id='word_1_335' title='bbox 1062 2396 1133 2467; x_wconf 82' lang='lat' dir='ltr'>quud</span> <span class='ocrx_word' id='word_1_336' title='bbox 1161 2397 1187 2451; x_wconf 86' lang='lat' dir='ltr'>in</span> <span class='ocrx_word' id='word_1_337' title='bbox 1211 2397 1392 2466; x_wconf 74' lang='lat' dir='ltr'>posterulam</span> <span class='ocrx_word' id='word_1_338' title='bbox 1412 2400 1543 2471; x_wconf 84' lang='lat' dir='ltr'>scriptum</span> <span class='ocrx_word' id='word_1_339' title='bbox 1569 2411 1622 2470; x_wconf 85' lang='lat' dir='ltr'>est,</span> <span class='ocrx_word' id='word_1_340' title='bbox 1652 2403 1769 2475; x_wconf 81' lang='lat' dir='ltr'>implere</span> 
     </span>
    </p>
   </div>
   <div class='ocr_carea' id='block_1_9' title="bbox 132 2491 921 3115">
    <p class='ocr_par' dir='ltr' id='par_1_10' title="bbox 132 2491 920 2562">
     <span class='ocr_line' id='line_1_41' title="bbox 132 2491 920 2562; baseline -0.003 -12"><span class='ocrx_word' id='word_1_341' title='bbox 132 2493 205 2551; x_wconf 83' lang='lat' dir='ltr'>ricus</span> <span class='ocrx_word' id='word_1_342' title='bbox 215 2494 260 2558; x_wconf 90' lang='lat' dir='ltr'>sit,</span> <span class='ocrx_word' id='word_1_343' title='bbox 276 2502 388 2562; x_wconf 90' lang='lat' dir='ltr'>quatuor</span> <span class='ocrx_word' id='word_1_344' title='bbox 400 2491 457 2547; x_wconf 89' lang='lat' dir='ltr'>dies</span> <span class='ocrx_word' id='word_1_345' title='bbox 473 2493 614 2561; x_wconf 89' lang='lat' dir='ltr'>poeniteat,</span> <span class='ocrx_word' id='word_1_346' title='bbox 628 2494 777 2548; x_wconf 85' lang='lat' dir='ltr'>morracbus</span> <span class='ocrx_word' id='word_1_347' title='bbox 790 2503 920 2553; x_wconf 86' lang='lat' dir='ltr'>quatuor·</span> 
     </span>
    </p>

    <p class='ocr_par' dir='ltr' id='par_1_11' title="bbox 133 2582 921 2652">
     <span class='ocr_line' id='line_1_42' title="bbox 133 2582 921 2652; baseline -0.005 -13"><span class='ocrx_word' id='word_1_348' title='bbox 133 2584 229 2649; x_wconf 87' lang='lat' dir='ltr'>decim;</span> <span class='ocrx_word' id='word_1_349' title='bbox 240 2583 368 2637; x_wconf 88' lang='lat' dir='ltr'>diaconus</span> <span class='ocrx_word' id='word_1_350' title='bbox 378 2591 489 2651; x_wconf 84' lang='lat' dir='ltr'>quatuor</span> <span class='ocrx_word' id='word_1_351' title='bbox 500 2582 690 2646; x_wconf 83' lang='lat' dir='ltr'>hebdomadas,</span> <span class='ocrx_word' id='word_1_352' title='bbox 705 2582 843 2652; x_wconf 81' lang='lat' dir='ltr'>presbyter</span> <span class='ocrx_word' id='word_1_353' title='bbox 855 2597 921 2651; x_wconf 87' lang='lat' dir='ltr'>qua·</span> 
     </span>
    </p>

    <p class='ocr_par' dir='ltr' id='par_1_12' title="bbox 133 2672 919 2819">
     <span class='ocr_line' id='line_1_43' title="bbox 133 2672 919 2746; baseline -0.009 -13"><span class='ocrx_word' id='word_1_354' title='bbox 133 2687 204 2745; x_wconf 91' lang='lat' dir='ltr'>tuor,</span> <span class='ocrx_word' id='word_1_355' title='bbox 212 2673 483 2746; x_wconf 87' lang='lat' dir='ltr'>episcopusquioqoe,</span> <span class='ocrx_word' id='word_1_356' title='bbox 492 2672 592 2740; x_wconf 81' lang='lat' dir='ltr'>prelati</span> <span class='ocrx_word' id='word_1_357' title='bbox 602 2673 919 2729; x_wconf 84' lang='lat' dir='ltr'>tressinerinoetcarue.</span> 
     </span>
     <span class='ocr_line' id='line_1_44' title="bbox 368 2761 699 2819; baseline 0.003 -1"><span class='ocrx_word' id='word_1_358' title='bbox 368 2764 438 2819; x_wconf 82' lang='lat' dir='ltr'>lllil.</span> <span class='ocrx_word' id='word_1_359' title='bbox 460 2761 498 2819; x_wconf 82' lang='lat' dir='ltr'>De</span> <span class='ocrx_word' id='word_1_360' title='bbox 515 2761 699 2819; x_wconf 52' lang='lat' dir='ltr'>cornoclaria(</span> 
     </span>
    </p>

    <p class='ocr_par' dir='ltr' id='par_1_13' title="bbox 167 2844 918 2930">
     <span class='ocr_line' id='line_1_45' title="bbox 167 2844 918 2930; baseline -0.003 -17"><span class='ocrx_word' id='word_1_361' title='bbox 167 2855 195 2913; x_wconf 90' lang='lat' dir='ltr'>st</span> <span class='ocrx_word' id='word_1_362' title='bbox 208 2855 269 2927; x_wconf 89' lang='lat' dir='ltr'>quis</span> <span class='ocrx_word' id='word_1_363' title='bbox 284 2854 474 2911; x_wconf 77' lang='lat' dir='ltr'>cocliaristiam</span> <span class='ocrx_word' id='word_1_364' title='bbox 485 2855 652 2930; x_wconf 84' lang='lat' dir='ltr'>negligentiae</span> <span class='ocrx_word' id='word_1_365' title='bbox 665 2844 746 2911; x_wconf 81' lang='lat' dir='ltr'>cot‘rsa</span> <span class='ocrx_word' id='word_1_366' title='bbox 756 2853 918 2924; x_wconf 86' lang='lat' dir='ltr'>perdiderit,</span> 
     </span>
    </p>

    <p class='ocr_par' dir='ltr' id='par_1_14' title="bbox 133 2943 921 3017">
     <span class='ocr_line' id='line_1_46' title="bbox 133 2943 921 3017; baseline -0.005 -10"><span class='ocrx_word' id='word_1_367' title='bbox 133 2963 216 3007; x_wconf 88' lang='lat' dir='ltr'>urrurn</span> <span class='ocrx_word' id='word_1_368' title='bbox 228 2962 328 3002; x_wconf 91' lang='lat' dir='ltr'>annom</span> <span class='ocrx_word' id='word_1_369' title='bbox 340 2946 479 3017; x_wconf 67' lang='lat' dir='ltr'>peniteat,</span> <span class='ocrx_word' id='word_1_370' title='bbox 493 2953 547 3000; x_wconf 88' lang='lat' dir='ltr'>tres</span> <span class='ocrx_word' id='word_1_371' title='bbox 559 2943 789 3016; x_wconf 79' lang='lat' dir='ltr'>quadragesimas,</span> <span class='ocrx_word' id='word_1_372' title='bbox 798 2961 844 3001; x_wconf 89' lang='lat' dir='ltr'>seu</span> <span class='ocrx_word' id='word_1_373' title='bbox 859 2961 921 3016; x_wconf 81' lang='lat' dir='ltr'>qua·</span> 
     </span>
    </p>

    <p class='ocr_par' dir='ltr' id='par_1_15' title="bbox 133 3037 921 3115">
     <span class='ocr_line' id='line_1_47' title="bbox 133 3037 921 3115; baseline -0.009 -16"><span class='ocrx_word' id='word_1_374' title='bbox 133 3044 254 3115; x_wconf 73' lang='lat' dir='ltr'>draginta</span> <span class='ocrx_word' id='word_1_375' title='bbox 270 3038 327 3096; x_wconf 91' lang='lat' dir='ltr'>dies</span> <span class='ocrx_word' id='word_1_376' title='bbox 342 3038 480 3111; x_wconf 73' lang='lat' dir='ltr'>paeniteat.</span> <span class='ocrx_word' id='word_1_377' title='bbox 500 3037 529 3093; x_wconf 89' lang='lat' dir='ltr'>Si</span> <span class='ocrx_word' id='word_1_378' title='bbox 544 3037 706 3093; x_wconf 86' lang='lat' dir='ltr'>sacrilicioar</span> <span class='ocrx_word' id='word_1_379' title='bbox 724 3037 751 3093; x_wconf 91' lang='lat' dir='ltr'>in</span> <span class='ocrx_word' id='word_1_380' title='bbox 766 3046 835 3095; x_wconf 85' lang='lat' dir='ltr'>terra</span> <span class='ocrx_word' id='word_1_381' title='bbox 849 3038 921 3093; x_wconf 89' lang='lat' dir='ltr'>ceci·</span> 
     </span>
    </p>
   </div>
   <div class='ocr_carea' id='block_1_10' title="bbox 973 2488 1772 3117">
    <p class='ocr_par' dir='ltr' id='par_1_16' title="bbox 973 2488 1772 3117">
     <span class='ocr_line' id='line_1_48' title="bbox 975 2488 1771 2563; baseline 0.018 -24"><span class='ocrx_word' id='word_1_382' title='bbox 975 2488 1091 2556; x_wconf 87' lang='lat' dir='ltr'>poterit,</span> <span class='ocrx_word' id='word_1_383' title='bbox 1118 2491 1218 2543; x_wconf 90' lang='lat' dir='ltr'>bonum</span> <span class='ocrx_word' id='word_1_384' title='bbox 1233 2497 1273 2543; x_wconf 89' lang='lat' dir='ltr'>est</span> <span class='ocrx_word' id='word_1_385' title='bbox 1288 2506 1295 2557; x_wconf 90' lang='lat'>;</span> <span class='ocrx_word' id='word_1_386' title='bbox 1311 2490 1356 2560; x_wconf 92' lang='lat' dir='ltr'>qui</span> <span class='ocrx_word' id='word_1_387' title='bbox 1382 2503 1471 2548; x_wconf 87' lang='lat' dir='ltr'>autem</span> <span class='ocrx_word' id='word_1_388' title='bbox 1494 2509 1547 2548; x_wconf 87' lang='lat' dir='ltr'>nou</span> <span class='ocrx_word' id='word_1_389' title='bbox 1573 2504 1676 2563; x_wconf 82' lang='lat' dir='ltr'>potest,</span> <span class='ocrx_word' id='word_1_390' title='bbox 1701 2511 1771 2555; x_wconf 84' lang='lat' dir='ltr'>run·</span> 
     </span>
     <span class='ocr_line' id='line_1_49' title="bbox 975 2579 1768 2658; baseline 0.015 -25"><span class='ocrx_word' id='word_1_391' title='bbox 975 2579 1067 2634; x_wconf 90' lang='lat' dir='ltr'>silium</span> <span class='ocrx_word' id='word_1_392' title='bbox 1096 2579 1191 2635; x_wconf 85' lang='lat' dir='ltr'>danius</span> <span class='ocrx_word' id='word_1_393' title='bbox 1216 2595 1263 2651; x_wconf 88' lang='lat' dir='ltr'>per</span> <span class='ocrx_word' id='word_1_394' title='bbox 1288 2583 1501 2640; x_wconf 86' lang='lat' dir='ltr'>nrisericordiam</span> <span class='ocrx_word' id='word_1_395' title='bbox 1520 2587 1565 2642; x_wconf 73' lang='lat' dir='ltr'>liei</span> <span class='ocrx_word' id='word_1_396' title='bbox 1589 2588 1616 2641; x_wconf 93' lang='lat' dir='ltr'>in</span> <span class='ocrx_word' id='word_1_397' title='bbox 1639 2589 1768 2658; x_wconf 81' lang='lat' dir='ltr'>primitus</span> 
     </span>
     <span class='ocr_line' id='line_1_50' title="bbox 974 2670 1769 2751; baseline 0.02 -31"><span class='ocrx_word' id='word_1_398' title='bbox 974 2682 1023 2738; x_wconf 92' lang='lat' dir='ltr'>pro</span> <span class='ocrx_word' id='word_1_399' title='bbox 1046 2684 1101 2724; x_wconf 83' lang='lat' dir='ltr'>orto</span> <span class='ocrx_word' id='word_1_400' title='bbox 1126 2670 1170 2727; x_wconf 92' lang='lat' dir='ltr'>dic</span> <span class='ocrx_word' id='word_1_401' title='bbox 1193 2671 1311 2741; x_wconf 89' lang='lat' dir='ltr'>inpane</span> <span class='ocrx_word' id='word_1_402' title='bbox 1334 2684 1362 2729; x_wconf 92' lang='lat' dir='ltr'>ct</span> <span class='ocrx_word' id='word_1_403' title='bbox 1380 2689 1449 2746; x_wconf 89' lang='lat' dir='ltr'>aqua</span> <span class='ocrx_word' id='word_1_404' title='bbox 1471 2678 1665 2748; x_wconf 85' lang='lat' dir='ltr'>quinquaginta</span> <span class='ocrx_word' id='word_1_405' title='bbox 1692 2680 1769 2751; x_wconf 77' lang='lat' dir='ltr'>psal·</span> 
     </span>
     <span class='ocr_line' id='line_1_51' title="bbox 973 2763 1769 2847; baseline 0.021 -33"><span class='ocrx_word' id='word_1_406' title='bbox 973 2776 1031 2816; x_wconf 89' lang='lat' dir='ltr'>mos</span> <span class='ocrx_word' id='word_1_407' title='bbox 1051 2770 1072 2805; x_wconf 73' lang='lat'>¹²¹</span> <span class='ocrx_word' id='word_1_408' title='bbox 1093 2763 1311 2837; x_wconf 79' lang='lat' dir='ltr'>genuflectendo,</span> <span class='ocrx_word' id='word_1_409' title='bbox 1340 2778 1387 2823; x_wconf 87' lang='lat' dir='ltr'>aot</span> <span class='ocrx_word' id='word_1_410' title='bbox 1411 2770 1470 2827; x_wconf 84' lang='lat' dir='ltr'>sius</span> <span class='ocrx_word' id='word_1_411' title='bbox 1494 2771 1564 2830; x_wconf 78' lang='lat' dir='ltr'>flexu</span> <span class='ocrx_word' id='word_1_412' title='bbox 1595 2774 1769 2847; x_wconf 70' lang='lat' dir='ltr'>srmuagiuts</span> 
     </span>
     <span class='ocr_line' id='line_1_52' title="bbox 974 2852 1767 2934; baseline 0.016 -26"><span class='ocrx_word' id='word_1_413' title='bbox 974 2852 1103 2922; x_wconf 84' lang='lat' dir='ltr'>psalmos,</span> <span class='ocrx_word' id='word_1_414' title='bbox 1121 2854 1189 2911; x_wconf 90' lang='lat' dir='ltr'>intra</span> <span class='ocrx_word' id='word_1_415' title='bbox 1206 2858 1361 2927; x_wconf 89' lang='lat' dir='ltr'>ecclesiam,</span> <span class='ocrx_word' id='word_1_416' title='bbox 1382 2860 1427 2915; x_wconf 83' lang='lat' dir='ltr'>rel</span> <span class='ocrx_word' id='word_1_417' title='bbox 1440 2861 1466 2916; x_wconf 93' lang='lat' dir='ltr'>in</span> <span class='ocrx_word' id='word_1_418' title='bbox 1482 2877 1538 2917; x_wconf 81' lang='lat' dir='ltr'>uno</span> <span class='ocrx_word' id='word_1_419' title='bbox 1551 2864 1611 2919; x_wconf 92' lang='lat' dir='ltr'>loco</span> <span class='ocrx_word' id='word_1_420' title='bbox 1627 2880 1676 2934; x_wconf 87' lang='lat' dir='ltr'>per</span> <span class='ocrx_word' id='word_1_421' title='bbox 1689 2867 1767 2923; x_wconf 80' lang='lat' dir='ltr'>ordi·</span> 
     </span>
     <span class='ocr_line' id='line_1_53' title="bbox 973 2945 1770 3026; baseline 0.021 -29"><span class='ocrx_word' id='word_1_422' title='bbox 973 2957 1034 2998; x_wconf 92' lang='lat' dir='ltr'>nem</span> <span class='ocrx_word' id='word_1_423' title='bbox 1050 2945 1170 3014; x_wconf 85' lang='lat' dir='ltr'>psallat:</span> <span class='ocrx_word' id='word_1_424' title='bbox 1191 2956 1220 3002; x_wconf 89' lang='lat' dir='ltr'>et</span> <span class='ocrx_word' id='word_1_425' title='bbox 1236 2962 1284 3015; x_wconf 86' lang='lat' dir='ltr'>pro</span> <span class='ocrx_word' id='word_1_426' title='bbox 1304 2964 1358 3006; x_wconf 92' lang='lat' dir='ltr'>uuo</span> <span class='ocrx_word' id='word_1_427' title='bbox 1369 2949 1415 3006; x_wconf 89' lang='lat' dir='ltr'>die</span> <span class='ocrx_word' id='word_1_428' title='bbox 1429 2951 1519 3009; x_wconf 80' lang='lat' dir='ltr'>ualent</span> <span class='ocrx_word' id='word_1_429' title='bbox 1540 2954 1665 3011; x_wconf 78' lang='lat' dir='ltr'>docente</span> <span class='ocrx_word' id='word_1_430' title='bbox 1679 2972 1770 3026; x_wconf 81' lang='lat' dir='ltr'>gesa·</span> 
     </span>
     <span class='ocr_line' id='line_1_54' title="bbox 975 3034 1772 3117; baseline 0.024 -28"><span class='ocrx_word' id='word_1_431' title='bbox 975 3034 1119 3105; x_wconf 76' lang='lat' dir='ltr'>fluxiones,</span> <span class='ocrx_word' id='word_1_432' title='bbox 1137 3039 1178 3095; x_wconf 83' lang='lat' dir='ltr'>tel</span> <span class='ocrx_word' id='word_1_433' title='bbox 1195 3054 1263 3097; x_wconf 89' lang='lat' dir='ltr'>urrus</span> <span class='ocrx_word' id='word_1_434' title='bbox 1277 3040 1431 3100; x_wconf 70' lang='lat' dir='ltr'>denarias</span> <span class='ocrx_word' id='word_1_435' title='bbox 1446 3058 1497 3111; x_wconf 84' lang='lat' dir='ltr'>pro</span> <span class='ocrx_word' id='word_1_436' title='bbox 1510 3043 1555 3117; x_wconf 84' lang='lat' dir='ltr'>die</span> <span class='ocrx_word' id='word_1_437' title='bbox 1571 3047 1655 3112; x_wconf 82' lang='lat' dir='ltr'>salet,</span> <span class='ocrx_word' id='word_1_438' title='bbox 1670 3057 1701 3105; x_wconf 88' lang='lat' dir='ltr'>et</span> <span class='ocrx_word' id='word_1_439' title='bbox 1712 3058 1772 3107; x_wconf 71' lang='lat' dir='ltr'>tres</span> 
     </span>
    </p>
   </div>
   <div class='ocr_carea' id='block_1_11' title="bbox 133 3106 1802 4942">
    <p class='ocr_par' dir='ltr' id='par_1_17' title="bbox 133 3106 1802 4942">
     <span class='ocr_line' id='line_1_55' title="bbox 134 3106 1772 3207; baseline 0.004 -18"><span class='ocrx_word' id='word_1_440' title='bbox 134 3134 205 3190; x_wconf 90' lang='lat' dir='ltr'>derit</span> <span class='ocrx_word' id='word_1_441' title='bbox 239 3144 320 3186; x_wconf 80' lang='lat' dir='ltr'>causa</span> <span class='ocrx_word' id='word_1_442' title='bbox 351 3128 538 3199; x_wconf 76' lang='lat' dir='ltr'>negligentia,</span> <span class='ocrx_word' id='word_1_443' title='bbox 578 3127 770 3198; x_wconf 84' lang='lat' dir='ltr'>quinquaginta</span> <span class='ocrx_word' id='word_1_444' title='bbox 804 3106 959 3197; x_wconf 62' lang='lat' dir='ltr'>palmei}</span> <span class='ocrx_word' id='word_1_445' title='bbox 978 3125 1165 3199; x_wconf 81' lang='lat' dir='ltr'>elcernosynas</span> <span class='ocrx_word' id='word_1_446' title='bbox 1193 3139 1249 3185; x_wconf 90' lang='lat' dir='ltr'>tres</span> <span class='ocrx_word' id='word_1_447' title='bbox 1271 3134 1656 3207; x_wconf 72' lang='lat' dir='ltr'>pauperestalsntrquidaro</span> <span class='ocrx_word' id='word_1_448' title='bbox 1674 3140 1772 3197; x_wconf 83' lang='lat' dir='ltr'>dicunt</span> 
     </span>
     <span class='ocr_line' id='line_1_56' title="bbox 135 3217 1770 3301; baseline 0.004 -19"><span class='ocrx_word' id='word_1_449' title='bbox 135 3222 298 3290; x_wconf 72' lang='lat' dir='ltr'>cantatorii</span> <span class='ocrx_word' id='word_1_450' title='bbox 320 3222 469 3293; x_wconf 77' lang='lat' dir='ltr'>neglexerit</span> <span class='ocrx_word' id='word_1_451' title='bbox 490 3218 667 3285; x_wconf 78' lang='lat' dir='ltr'>sacrificium,</span> <span class='ocrx_word' id='word_1_452' title='bbox 683 3228 829 3279; x_wconf 84' lang='lat' dir='ltr'>utrcrmes</span> <span class='ocrx_word' id='word_1_453' title='bbox 848 3220 875 3279; x_wconf 89' lang='lat' dir='ltr'>io</span> <span class='ocrx_word' id='word_1_454' title='bbox 889 3234 923 3277; x_wconf 85' lang='lat' dir='ltr'>eo</span> <span class='ocrx_word' id='word_1_455' title='bbox 974 3217 1168 3289; x_wconf 89' lang='lat' dir='ltr'>quinquaginta</span> <span class='ocrx_word' id='word_1_456' title='bbox 1185 3229 1197 3256; x_wconf 86' lang='lat'><em>⁰</em></span> <span class='ocrx_word' id='word_1_457' title='bbox 1215 3224 1426 3292; x_wconf 78' lang='lat' dir='ltr'>percussiones,</span> <span class='ocrx_word' id='word_1_458' title='bbox 1452 3227 1645 3298; x_wconf 74' lang='lat' dir='ltr'>quinquaginta</span> <span class='ocrx_word' id='word_1_459' title='bbox 1670 3231 1770 3301; x_wconf 79' lang='lat' dir='ltr'>psalmi</span> 
     </span>
     <span class='ocr_line' id='line_1_57' title="bbox 136 3306 1769 3384; baseline 0.006 -15"><span class='ocrx_word' id='word_1_460' title='bbox 136 3315 201 3376; x_wconf 85' lang='lat' dir='ltr'>sint,</span> <span class='ocrx_word' id='word_1_461' title='bbox 214 3319 244 3367; x_wconf 93' lang='lat' dir='ltr'>ut</span> <span class='ocrx_word' id='word_1_462' title='bbox 262 3311 379 3366; x_wconf 91' lang='lat' dir='ltr'>colorem</span> <span class='ocrx_word' id='word_1_463' title='bbox 402 3323 456 3371; x_wconf 83' lang='lat' dir='ltr'>non</span> <span class='ocrx_word' id='word_1_464' title='bbox 482 3307 593 3375; x_wconf 86' lang='lat' dir='ltr'>lrabeat,</span> <span class='ocrx_word' id='word_1_465' title='bbox 615 3322 801 3380; x_wconf 83' lang='lat' dir='ltr'>saporemque,</span> <span class='ocrx_word' id='word_1_466' title='bbox 829 3306 922 3379; x_wconf 85' lang='lat' dir='ltr'>uiginti</span> <span class='ocrx_word' id='word_1_467' title='bbox 976 3324 1023 3379; x_wconf 93' lang='lat' dir='ltr'>pro</span> <span class='ocrx_word' id='word_1_468' title='bbox 1039 3325 1094 3365; x_wconf 89' lang='lat' dir='ltr'>uno</span> <span class='ocrx_word' id='word_1_469' title='bbox 1109 3310 1261 3367; x_wconf 82' lang='lat' dir='ltr'>dioralcnt.</span> <span class='ocrx_word' id='word_1_470' title='bbox 1278 3312 1373 3382; x_wconf 86' lang='lat' dir='ltr'>idest,</span> <span class='ocrx_word' id='word_1_471' title='bbox 1388 3315 1485 3384; x_wconf 86' lang='lat' dir='ltr'>bieme,</span> <span class='ocrx_word' id='word_1_472' title='bbox 1503 3318 1769 3379; x_wconf 70' lang='lat' dir='ltr'>incontaminatis</span> 
     </span>
     <span class='ocr_line' id='line_1_58' title="bbox 138 3395 1772 3479; baseline 0.009 -22"><span class='ocrx_word' id='word_1_473' title='bbox 138 3400 197 3458; x_wconf 87' lang='lat' dir='ltr'>dies</span> <span class='ocrx_word' id='word_1_474' title='bbox 212 3398 340 3471; x_wconf 85' lang='lat' dir='ltr'>poeniteat</span> <span class='ocrx_word' id='word_1_475' title='bbox 353 3397 394 3452; x_wconf 86' lang='lat' dir='ltr'>vel</span> <span class='ocrx_word' id='word_1_476' title='bbox 410 3395 583 3466; x_wconf 64' lang='lat' dir='ltr'>trigintave!</span> <span class='ocrx_word' id='word_1_477' title='bbox 598 3395 783 3467; x_wconf 87' lang='lat' dir='ltr'>quadraginta,</span> <span class='ocrx_word' id='word_1_478' title='bbox 810 3405 838 3452; x_wconf 90' lang='lat' dir='ltr'>et</span> <span class='ocrx_word' id='word_1_479' title='bbox 855 3405 866 3433; x_wconf 79' lang='lat'><strong><em>⁶</em></strong></span> <span class='ocrx_word' id='word_1_480' title='bbox 894 3397 923 3453; x_wconf 93' lang='lat' dir='ltr'>in</span> <span class='ocrx_word' id='word_1_481' title='bbox 975 3416 1069 3469; x_wconf 88' lang='lat' dir='ltr'>rerno,</span> <span class='ocrx_word' id='word_1_482' title='bbox 1086 3415 1192 3458; x_wconf 88' lang='lat' dir='ltr'>centum</span> <span class='ocrx_word' id='word_1_483' title='bbox 1209 3402 1397 3474; x_wconf 81' lang='lat' dir='ltr'>percussiones</span> <span class='ocrx_word' id='word_1_484' title='bbox 1412 3411 1456 3465; x_wconf 85' lang='lat' dir='ltr'>vel</span> <span class='ocrx_word' id='word_1_485' title='bbox 1479 3412 1606 3479; x_wconf 87' lang='lat' dir='ltr'>psalmus.</span> <span class='ocrx_word' id='word_1_486' title='bbox 1632 3423 1659 3468; x_wconf 85' lang='lat' dir='ltr'>et</span> <span class='ocrx_word' id='word_1_487' title='bbox 1675 3415 1705 3470; x_wconf 91' lang='lat' dir='ltr'>in</span> <span class='ocrx_word' id='word_1_488' title='bbox 1716 3430 1772 3471; x_wconf 69' lang='lat' dir='ltr'>aa·</span> 
     </span>
     <span class='ocr_line' id='line_1_59' title="bbox 139 3485 1770 3570; baseline 0.009 -24"><span class='ocrx_word' id='word_1_489' title='bbox 139 3493 203 3559; x_wconf 86' lang='lat' dir='ltr'>igno</span> <span class='ocrx_word' id='word_1_490' title='bbox 214 3489 394 3544; x_wconf 81' lang='lat' dir='ltr'>accendetur:</span> <span class='ocrx_word' id='word_1_491' title='bbox 409 3486 478 3541; x_wconf 88' lang='lat' dir='ltr'>cinis</span> <span class='ocrx_word' id='word_1_492' title='bbox 492 3485 551 3556; x_wconf 86' lang='lat' dir='ltr'>ejus</span> <span class='ocrx_word' id='word_1_493' title='bbox 568 3486 619 3540; x_wconf 92' lang='lat' dir='ltr'>sub</span> <span class='ocrx_word' id='word_1_494' title='bbox 633 3485 718 3541; x_wconf 89' lang='lat' dir='ltr'>altare</span> <span class='ocrx_word' id='word_1_495' title='bbox 732 3486 922 3543; x_wconf 83' lang='lat' dir='ltr'>abscondatur.</span> <span class='ocrx_word' id='word_1_496' title='bbox 977 3499 1042 3563; x_wconf 89' lang='lat' dir='ltr'>tate,</span> <span class='ocrx_word' id='word_1_497' title='bbox 1058 3503 1165 3548; x_wconf 86' lang='lat' dir='ltr'>acutum</span> <span class='ocrx_word' id='word_1_498' title='bbox 1191 3497 1385 3567; x_wconf 72' lang='lat' dir='ltr'>quinquaginta</span> <span class='ocrx_word' id='word_1_499' title='bbox 1410 3500 1528 3569; x_wconf 71' lang='lat' dir='ltr'>psalmos</span> <span class='ocrx_word' id='word_1_500' title='bbox 1552 3502 1593 3557; x_wconf 85' lang='lat' dir='ltr'>tel</span> <span class='ocrx_word' id='word_1_501' title='bbox 1611 3505 1770 3570; x_wconf 84' lang='lat' dir='ltr'>percussio-</span> 
     </span>
     <span class='ocr_line' id='line_1_60' title="bbox 138 3574 1770 3662; baseline 0.009 -29"><span class='ocrx_word' id='word_1_502' title='bbox 138 3578 168 3637; x_wconf 88' lang='lat' dir='ltr'>Si</span> <span class='ocrx_word' id='word_1_503' title='bbox 182 3592 267 3648; x_wconf 90' lang='lat' dir='ltr'>usque</span> <span class='ocrx_word' id='word_1_504' title='bbox 283 3577 316 3631; x_wconf 92' lang='lat' dir='ltr'>ad</span> <span class='ocrx_word' id='word_1_505' title='bbox 331 3586 429 3631; x_wconf 88' lang='lat' dir='ltr'>terram</span> <span class='ocrx_word' id='word_1_506' title='bbox 439 3574 579 3644; x_wconf 89' lang='lat' dir='ltr'>ceciderit,</span> <span class='ocrx_word' id='word_1_507' title='bbox 594 3590 677 3629; x_wconf 91' lang='lat' dir='ltr'>onum</span> <span class='ocrx_word' id='word_1_508' title='bbox 691 3575 761 3631; x_wconf 89' lang='lat' dir='ltr'>diem</span> <span class='ocrx_word' id='word_1_509' title='bbox 771 3577 921 3649; x_wconf 88' lang='lat' dir='ltr'>poeniteat:</span> <span class='ocrx_word' id='word_1_510' title='bbox 976 3596 1039 3637; x_wconf 90' lang='lat' dir='ltr'>nes.</span> <span class='ocrx_word' id='word_1_511' title='bbox 1053 3582 1118 3638; x_wconf 74' lang='lat' dir='ltr'>lta-m</span> <span class='ocrx_word' id='word_1_512' title='bbox 1135 3599 1184 3654; x_wconf 91' lang='lat' dir='ltr'>pro</span> <span class='ocrx_word' id='word_1_513' title='bbox 1201 3601 1253 3641; x_wconf 91' lang='lat' dir='ltr'>uno</span> <span class='ocrx_word' id='word_1_514' title='bbox 1266 3602 1372 3654; x_wconf 80' lang='lat' dir='ltr'>onerose,</span> <span class='ocrx_word' id='word_1_515' title='bbox 1385 3591 1456 3660; x_wconf 90' lang='lat' dir='ltr'>qnod</span> <span class='ocrx_word' id='word_1_516' title='bbox 1468 3592 1572 3662; x_wconf 84' lang='lat' dir='ltr'>inpane</span> <span class='ocrx_word' id='word_1_517' title='bbox 1584 3599 1693 3659; x_wconf 76' lang='lat' dir='ltr'>itaqua</span> <span class='ocrx_word' id='word_1_518' title='bbox 1706 3608 1770 3662; x_wconf 75' lang='lat' dir='ltr'>prs-</span> 
     </span>
     <span class='ocr_line' id='line_1_61' title="bbox 134 3664 1802 3752; baseline 0.007 -25"><span class='ocrx_word' id='word_1_519' title='bbox 134 3671 159 3727; x_wconf 86' lang='lat' dir='ltr'>rl</span> <span class='ocrx_word' id='word_1_520' title='bbox 176 3668 278 3726; x_wconf 74' lang='lat' dir='ltr'>‘stella</span> <span class='ocrx_word' id='word_1_521' title='bbox 292 3667 398 3735; x_wconf 85' lang='lat' dir='ltr'>arserit,</span> <span class='ocrx_word' id='word_1_522' title='bbox 413 3669 497 3721; x_wconf 67' lang='lat' dir='ltr'>altare</span> <span class='ocrx_word' id='word_1_523' title='bbox 511 3664 657 3733; x_wconf 87' lang='lat' dir='ltr'>ceciderit,</span> <span class='ocrx_word' id='word_1_524' title='bbox 674 3667 783 3734; x_wconf 84' lang='lat' dir='ltr'>triginta</span> <span class='ocrx_word' id='word_1_525' title='bbox 795 3666 854 3722; x_wconf 89' lang='lat' dir='ltr'>dics</span> <span class='ocrx_word' id='word_1_526' title='bbox 866 3681 924 3739; x_wconf 83' lang='lat' dir='ltr'>pus·</span> <span class='ocrx_word' id='word_1_527' title='bbox 974 3672 1061 3729; x_wconf 88' lang='lat' dir='ltr'>nitere</span> <span class='ocrx_word' id='word_1_528' title='bbox 1072 3673 1162 3743; x_wconf 90' lang='lat' dir='ltr'>debet,</span> <span class='ocrx_word' id='word_1_529' title='bbox 1180 3676 1298 3744; x_wconf 90' lang='lat' dir='ltr'>psalmos</span> <span class='ocrx_word' id='word_1_530' title='bbox 1312 3678 1338 3732; x_wconf 92' lang='lat' dir='ltr'>in</span> <span class='ocrx_word' id='word_1_531' title='bbox 1367 3678 1519 3750; x_wconf 57' lang='lat' dir='ltr'>morificate,</span> <span class='ocrx_word' id='word_1_532' title='bbox 1533 3681 1572 3737; x_wconf 83' lang='lat' dir='ltr'>rel</span> <span class='ocrx_word' id='word_1_533' title='bbox 1594 3684 1656 3740; x_wconf 83' lang='lat' dir='ltr'>siue</span> <span class='ocrx_word' id='word_1_534' title='bbox 1669 3682 1768 3752; x_wconf 78' lang='lat' dir='ltr'>beas,</span> <span class='ocrx_word' id='word_1_535' title='bbox 1786 3664 1802 3685; x_wconf 62' lang='lat'><em>⁶</em></span> 
     </span>
     <span class='ocr_line' id='line_1_62' title="bbox 135 3755 1771 3844; baseline -0.004 -26"><span class='ocrx_word' id='word_1_536' title='bbox 135 3761 229 3818; x_wconf 87' lang='lat' dir='ltr'>niteat.</span> <span class='ocrx_word' id='word_1_537' title='bbox 248 3758 299 3827; x_wconf 84' lang='lat' dir='ltr'>Qui</span> <span class='ocrx_word' id='word_1_538' title='bbox 312 3759 339 3813; x_wconf 88' lang='lat' dir='ltr'>in</span> <span class='ocrx_word' id='word_1_539' title='bbox 354 3757 468 3813; x_wconf 87' lang='lat' dir='ltr'>ecclesia</span> <span class='ocrx_word' id='word_1_540' title='bbox 490 3755 624 3811; x_wconf 88' lang='lat' dir='ltr'>modicam</span> <span class='ocrx_word' id='word_1_541' title='bbox 643 3766 744 3825; x_wconf 90' lang='lat' dir='ltr'>partem</span> <span class='ocrx_word' id='word_1_542' title='bbox 766 3757 923 3826; x_wconf 85' lang='lat' dir='ltr'>perdiderit,</span> <span class='ocrx_word' id='word_1_543' title='bbox 974 3768 1002 3827; x_wconf 75' lang='lat' dir='ltr'>pq</span> <span class='ocrx_word' id='word_1_544' title='bbox 1027 3774 1413 3844; x_wconf 60' lang='lat'>„1‚,0100„10,002031„1„</span> <span class='ocrx_word' id='word_1_545' title='bbox 1437 3783 1466 3831; x_wconf 62' lang='lat' dir='ltr'>,g</span> <span class='ocrx_word' id='word_1_546' title='bbox 1488 3782 1577 3844; x_wconf 54' lang='grc' dir='ltr'>μω</span> <span class='ocrx_word' id='word_1_547' title='bbox 1595 3787 1694 3830; x_wconf 57' lang='grc' dir='ltr'><strong>Μ</strong></span> <span class='ocrx_word' id='word_1_548' title='bbox 1708 3775 1771 3835; x_wconf 58' lang='lat' dir='ltr'>gg„</span> 
     </span>
     <span class='ocr_line' id='line_1_63' title="bbox 135 3846 1770 3937; baseline 0.005 -22"><span class='ocrx_word' id='word_1_549' title='bbox 135 3860 163 3907; x_wconf 71' lang='lat'>01</span> <span class='ocrx_word' id='word_1_550' title='bbox 177 3865 230 3906; x_wconf 76' lang='lat'><strong>⁰⁰¹¹</strong></span> <span class='ocrx_word' id='word_1_551' title='bbox 250 3848 403 3915; x_wconf 54' lang='lat' dir='ltr'>invenerit}</span> <span class='ocrx_word' id='word_1_552' title='bbox 429 3847 521 3918; x_wconf 59' lang='lat' dir='ltr'>lisinii</span> <span class='ocrx_word' id='word_1_553' title='bbox 535 3846 593 3903; x_wconf 67' lang='lat'>‘¹5⁰⁵</span> <span class='ocrx_word' id='word_1_554' title='bbox 606 3847 748 3917; x_wconf 55' lang='lat' dir='ltr'>imiimi,</span> <span class='ocrx_word' id='word_1_555' title='bbox 763 3863 924 3921; x_wconf 70' lang='lat' dir='ltr'>⁰¹¹0ll¹¹⁰il¹¹⁰</span> <span class='ocrx_word' id='word_1_556' title='bbox 975 3861 1096 3917; x_wconf 87' lang='lat' dir='ltr'>reliciant</span> <span class='ocrx_word' id='word_1_557' title='bbox 1106 3863 1141 3919; x_wconf 92' lang='lat' dir='ltr'>ad</span> <span class='ocrx_word' id='word_1_558' title='bbox 1152 3872 1268 3930; x_wconf 81' lang='lat' dir='ltr'>sertam,</span> <span class='ocrx_word' id='word_1_559' title='bbox 1280 3865 1332 3920; x_wconf 82' lang='lat' dir='ltr'>nisi</span> <span class='ocrx_word' id='word_1_560' title='bbox 1347 3873 1441 3935; x_wconf 90' lang='lat' dir='ltr'>quarta</span> <span class='ocrx_word' id='word_1_561' title='bbox 1452 3873 1568 3920; x_wconf 82' lang='lat' dir='ltr'>etsexta</span> <span class='ocrx_word' id='word_1_562' title='bbox 1583 3863 1770 3937; x_wconf 78' lang='lat' dir='ltr'>leriaiciuset</span> 
     </span>
     <span class='ocr_line' id='line_1_64' title="bbox 136 3937 1769 4022; baseline 0.002 -26"><span class='ocrx_word' id='word_1_563' title='bbox 136 3941 181 3998; x_wconf 87' lang='lat' dir='ltr'>die</span> <span class='ocrx_word' id='word_1_564' title='bbox 195 3940 313 4011; x_wconf 86' lang='lat' dir='ltr'>psalmos</span> <span class='ocrx_word' id='word_1_565' title='bbox 325 3937 499 4009; x_wconf 84' lang='lat' dir='ltr'>quadraginta</span> <span class='ocrx_word' id='word_1_566' title='bbox 514 3948 614 3993; x_wconf 89' lang='lat' dir='ltr'>cantet.</span> <span class='ocrx_word' id='word_1_567' title='bbox 626 3938 678 4006; x_wconf 83' lang='lat' dir='ltr'>Qui</span> <span class='ocrx_word' id='word_1_568' title='bbox 690 3948 781 3997; x_wconf 88' lang='lat' dir='ltr'>autern</span> <span class='ocrx_word' id='word_1_569' title='bbox 796 3940 823 3996; x_wconf 87' lang='lat' dir='ltr'>ln</span> <span class='ocrx_word' id='word_1_570' title='bbox 837 3950 850 3989; x_wconf 65' lang='grc' dir='ltr'><strong>ὅ</strong></span> <span class='ocrx_word' id='word_1_571' title='bbox 865 3943 923 4012; x_wconf 88' lang='lat' dir='ltr'>pls·</span> <span class='ocrx_word' id='word_1_572' title='bbox 974 3952 1008 4007; x_wconf 73' lang='lat' dir='ltr'>ad</span> <span class='ocrx_word' id='word_1_573' title='bbox 1031 3968 1140 4009; x_wconf 66' lang='lat' dir='ltr'>nonam,</span> <span class='ocrx_word' id='word_1_574' title='bbox 1168 3959 1190 4011; x_wconf 74' lang='lat' dir='ltr'>g</span> <span class='ocrx_word' id='word_1_575' title='bbox 1212 3970 1294 4011; x_wconf 67' lang='lat' dir='ltr'>wne</span> <span class='ocrx_word' id='word_1_576' title='bbox 1320 3965 1333 4006; x_wconf 82' lang='lat' dir='ltr'>a</span> <span class='ocrx_word' id='word_1_577' title='bbox 1360 3965 1387 4010; x_wconf 63' lang='lat' dir='ltr'>er</span> <span class='ocrx_word' id='word_1_578' title='bbox 1407 3956 1469 4009; x_wconf 70' lang='lat' dir='ltr'>vino</span> <span class='ocrx_word' id='word_1_579' title='bbox 1481 3956 1616 4011; x_wconf 58' lang='lat' dir='ltr'>abstineat</span> <span class='ocrx_word' id='word_1_580' title='bbox 1629 3970 1672 4022; x_wconf 66' lang='lat'>50,</span> <span class='ocrx_word' id='word_1_581' title='bbox 1683 3958 1769 4017; x_wconf 65' lang='lat' dir='ltr'>gij</span> 
     </span>
     <span class='ocr_line' id='line_1_65' title="bbox 136 4028 1769 4117; baseline 0.009 -28"><span class='ocrx_word' id='word_1_582' title='bbox 136 4033 289 4089; x_wconf 82' lang='lat' dir='ltr'>be&#39;msorrru</span> <span class='ocrx_word' id='word_1_583' title='bbox 304 4028 476 4085; x_wconf 85' lang='lat' dir='ltr'>chrismalem</span> <span class='ocrx_word' id='word_1_584' title='bbox 491 4029 650 4098; x_wconf 88' lang='lat' dir='ltr'>perdiderit,</span> <span class='ocrx_word' id='word_1_585' title='bbox 667 4040 760 4086; x_wconf 86' lang='lat' dir='ltr'>etnon</span> <span class='ocrx_word' id='word_1_586' title='bbox 773 4032 921 4102; x_wconf 81' lang='lat' dir='ltr'>invenerit,</span> <span class='ocrx_word' id='word_1_587' title='bbox 973 4044 1062 4100; x_wconf 85' lang='lat' dir='ltr'>cibum</span> <span class='ocrx_word' id='word_1_588' title='bbox 1085 4055 1226 4116; x_wconf 91' lang='lat' dir='ltr'>postquam</span> <span class='ocrx_word' id='word_1_589' title='bbox 1252 4047 1348 4117; x_wconf 86' lang='lat' dir='ltr'>psallat</span> <span class='ocrx_word' id='word_1_590' title='bbox 1371 4055 1471 4102; x_wconf 83' lang='lat' dir='ltr'>sorsat.</span> <span class='ocrx_word' id='word_1_591' title='bbox 1494 4046 1525 4101; x_wconf 89' lang='lat' dir='ltr'>lo</span> <span class='ocrx_word' id='word_1_592' title='bbox 1551 4046 1675 4103; x_wconf 79' lang='lat' dir='ltr'>securrdo</span> <span class='ocrx_word' id='word_1_593' title='bbox 1696 4061 1769 4109; x_wconf 80' lang='lat' dir='ltr'>anno</span> 
     </span>
     <span class='ocr_line' id='line_1_66' title="bbox 135 4118 1769 4209; baseline 0.005 -24"><span class='ocrx_word' id='word_1_594' title='bbox 135 4120 310 4191; x_wconf 62' lang='lat' dir='ltr'>qutdnsissffl</span> <span class='ocrx_word' id='word_1_595' title='bbox 325 4120 383 4174; x_wconf 65' lang='lat'>(¹50³</span> <span class='ocrx_word' id='word_1_596' title='bbox 399 4118 542 4187; x_wconf 88' lang='lat' dir='ltr'>poeniteat,</span> <span class='ocrx_word' id='word_1_597' title='bbox 568 4119 610 4175; x_wconf 57' lang='grc' dir='ltr'>ἘΙ</span> <span class='ocrx_word' id='word_1_598' title='bbox 624 4128 679 4176; x_wconf 67' lang='lat' dir='ltr'>lle!</span> <span class='ocrx_word' id='word_1_599' title='bbox 691 4122 920 4192; x_wconf 61' lang='lat' dir='ltr'>(luadffllleSimsss-</span> <span class='ocrx_word' id='word_1_600' title='bbox 974 4137 1114 4193; x_wconf 86' lang='lat' dir='ltr'>remissior</span> <span class='ocrx_word' id='word_1_601' title='bbox 1135 4137 1293 4205; x_wconf 77' lang='lat' dir='ltr'>pioerritentia</span> <span class='ocrx_word' id='word_1_602' title='bbox 1308 4137 1370 4201; x_wconf 82' lang='lat' dir='ltr'>erit,</span> <span class='ocrx_word' id='word_1_603' title='bbox 1392 4136 1426 4193; x_wconf 91' lang='lat' dir='ltr'>de</span> <span class='ocrx_word' id='word_1_604' title='bbox 1440 4137 1529 4192; x_wconf 78' lang='lat' dir='ltr'>liatali</span> <span class='ocrx_word' id='word_1_605' title='bbox 1548 4136 1657 4192; x_wconf 72' lang='lat' dir='ltr'>Dasmini</span> <span class='ocrx_word' id='word_1_606' title='bbox 1684 4152 1769 4209; x_wconf 79' lang='lat' dir='ltr'>usque</span> 
     </span>
     <span class='ocr_line' id='line_1_67' title="bbox 134 4207 1769 4298; baseline 0.004 -33"><span class='ocrx_word' id='word_1_607' title='bbox 134 4210 186 4280; x_wconf 78' lang='lat' dir='ltr'>Qlll</span> <span class='ocrx_word' id='word_1_608' title='bbox 201 4207 374 4279; x_wconf 59' lang='lat' dir='ltr'>perinderffl</span> <span class='ocrx_word' id='word_1_609' title='bbox 389 4209 543 4264; x_wconf 87' lang='lat' dir='ltr'>calicemin</span> <span class='ocrx_word' id='word_1_610' title='bbox 562 4209 850 4285; x_wconf 83' lang='lat' dir='ltr'>linemsuletnnilat&#39;ts,</span> <span class='ocrx_word' id='word_1_611' title='bbox 877 4217 924 4279; x_wconf 72' lang='lat' dir='ltr'>li&#39;i·</span> <span class='ocrx_word' id='word_1_612' title='bbox 975 4224 1001 4279; x_wconf 78' lang='lat' dir='ltr'>in</span> <span class='ocrx_word' id='word_1_613' title='bbox 1031 4224 1194 4297; x_wconf 51' lang='lat' dir='ltr'>Epiphania,</span> <span class='ocrx_word' id='word_1_614' title='bbox 1220 4238 1248 4282; x_wconf 75' lang='lat' dir='ltr'>gt</span> <span class='ocrx_word' id='word_1_615' title='bbox 1273 4228 1336 4282; x_wconf 76' lang='lat' dir='ltr'>illos</span> <span class='ocrx_word' id='word_1_616' title='bbox 1361 4225 1588 4296; x_wconf 70' lang='lat' dir='ltr'>ppoedictogdies‚</span> <span class='ocrx_word' id='word_1_617' title='bbox 1614 4227 1661 4298; x_wconf 80' lang='lat' dir='ltr'>qui</span> <span class='ocrx_word' id='word_1_618' title='bbox 1686 4243 1769 4298; x_wconf 62' lang='lat' dir='ltr'>gum</span> 
     </span>
     <span class='ocr_line' id='line_1_68' title="bbox 135 4300 1779 4388; baseline -0.001 -15"><span class='ocrx_word' id='word_1_619' title='bbox 135 4300 281 4373; x_wconf 63' lang='lat' dir='ltr'>85¹¹¹¹d¹0⁸</span> <span class='ocrx_word' id='word_1_620' title='bbox 296 4300 435 4369; x_wconf 61' lang='lat' dir='ltr'>l‘oenfliii·</span> <span class='ocrx_word' id='word_1_621' title='bbox 974 4317 1150 4383; x_wconf 88' lang='lat' dir='ltr'>scribuntur,</span> <span class='ocrx_word' id='word_1_622' title='bbox 1178 4318 1224 4388; x_wconf 86' lang='lat' dir='ltr'>qui</span> <span class='ocrx_word' id='word_1_623' title='bbox 1250 4318 1454 4387; x_wconf 79' lang='lat' dir='ltr'>impoenitentin</span> <span class='ocrx_word' id='word_1_624' title='bbox 1482 4334 1535 4371; x_wconf 91' lang='lat' dir='ltr'>non</span> <span class='ocrx_word' id='word_1_625' title='bbox 1565 4324 1779 4387; x_wconf 77' lang='lat' dir='ltr'>conspuuntur..</span> 
     </span>
     <span class='ocr_line' id='line_1_69' title="bbox 345 4389 1769 4480; baseline 0.002 -20"><span class='ocrx_word' id='word_1_626' title='bbox 345 4389 415 4445; x_wconf 69' lang='lat' dir='ltr'>XW·</span> <span class='ocrx_word' id='word_1_627' title='bbox 438 4391 477 4445; x_wconf 72' lang='lat'>⁰⁶</span> <span class='ocrx_word' id='word_1_628' title='bbox 495 4392 601 4448; x_wconf 63' lang='lat' dir='ltr'>‘ifl&#39;mft</span> <span class='ocrx_word' id='word_1_629' title='bbox 614 4397 709 4451; x_wconf 62' lang='lat' dir='ltr'>“wlffi-</span> <span class='ocrx_word' id='word_1_630' title='bbox 975 4406 1041 4461; x_wconf 90' lang='lat' dir='ltr'>ltem</span> <span class='ocrx_word' id='word_1_631' title='bbox 1067 4408 1110 4477; x_wconf 91' lang='lat' dir='ltr'>qui</span> <span class='ocrx_word' id='word_1_632' title='bbox 1134 4423 1185 4463; x_wconf 92' lang='lat' dir='ltr'>non</span> <span class='ocrx_word' id='word_1_633' title='bbox 1203 4417 1291 4480; x_wconf 84' lang='lat' dir='ltr'>potest</span> <span class='ocrx_word' id='word_1_634' title='bbox 1315 4408 1353 4463; x_wconf 86' lang='lat' dir='ltr'>sic</span> <span class='ocrx_word' id='word_1_635' title='bbox 1375 4423 1457 4479; x_wconf 89' lang='lat' dir='ltr'>agere</span> <span class='ocrx_word' id='word_1_636' title='bbox 1482 4408 1684 4477; x_wconf 74' lang='lat' dir='ltr'>poerdteutiam,</span> <span class='ocrx_word' id='word_1_637' title='bbox 1698 4410 1769 4465; x_wconf 86' lang='lat' dir='ltr'>sicut</span> 
     </span>
     <span class='ocr_line' id='line_1_70' title="bbox 171 4488 1769 4571; baseline 0.007 -27"><span class='ocrx_word' id='word_1_638' title='bbox 171 4490 223 4559; x_wconf 79' lang='lat' dir='ltr'>Qui</span> <span class='ocrx_word' id='word_1_639' title='bbox 242 4488 250 4528; x_wconf 77' lang='lat'>¹</span> <span class='ocrx_word' id='word_1_640' title='bbox 269 4496 418 4544; x_wconf 86' lang='lat' dir='ltr'>creaturam</span> <span class='ocrx_word' id='word_1_641' title='bbox 447 4489 603 4560; x_wconf 85' lang='lat' dir='ltr'>perdiderit,</span> <span class='ocrx_word' id='word_1_642' title='bbox 630 4492 713 4559; x_wconf 85' lang='lat' dir='ltr'>trous,</span> <span class='ocrx_word' id='word_1_643' title='bbox 742 4494 923 4562; x_wconf 87' lang='lat' dir='ltr'>tabulas,ant</span> <span class='ocrx_word' id='word_1_644' title='bbox 976 4497 1245 4569; x_wconf 85' lang='lat' dir='ltr'>superiusdiximus,</span> <span class='ocrx_word' id='word_1_645' title='bbox 1265 4501 1293 4555; x_wconf 91' lang='lat' dir='ltr'>iu</span> <span class='ocrx_word' id='word_1_646' title='bbox 1314 4498 1401 4571; x_wconf 90' lang='lat' dir='ltr'>primo</span> <span class='ocrx_word' id='word_1_647' title='bbox 1420 4499 1769 4569; x_wconf 82' lang='lat' dir='ltr'>anooerogatinelestou·</span> 
     </span>
     <span class='ocr_line' id='line_1_71' title="bbox 135 4579 1765 4662; baseline 0.006 -24"><span class='ocrx_word' id='word_1_648' title='bbox 135 4580 290 4639; x_wconf 79' lang='lat' dir='ltr'>schedulam</span> <span class='ocrx_word' id='word_1_649' title='bbox 312 4594 405 4646; x_wconf 90' lang='lat' dir='ltr'>suam,</span> <span class='ocrx_word' id='word_1_650' title='bbox 429 4579 469 4634; x_wconf 90' lang='lat' dir='ltr'>sal</span> <span class='ocrx_word' id='word_1_651' title='bbox 491 4580 679 4651; x_wconf 86' lang='lat' dir='ltr'>benedictum,</span> <span class='ocrx_word' id='word_1_652' title='bbox 702 4598 800 4652; x_wconf 84' lang='lat' dir='ltr'>panem</span> <span class='ocrx_word' id='word_1_653' title='bbox 822 4601 921 4645; x_wconf 83' lang='lat' dir='ltr'>norom</span> <span class='ocrx_word' id='word_1_654' title='bbox 976 4602 1042 4659; x_wconf 79' lang='lat' dir='ltr'>apua</span> <span class='ocrx_word' id='word_1_655' title='bbox 1056 4588 1157 4644; x_wconf 90' lang='lat' dir='ltr'>solidos</span> <span class='ocrx_word' id='word_1_656' title='bbox 1177 4589 1272 4662; x_wconf 79' lang='lat' dir='ltr'>viginti</span> <span class='ocrx_word' id='word_1_657' title='bbox 1298 4600 1365 4657; x_wconf 90' lang='lat' dir='ltr'>tres,</span> <span class='ocrx_word' id='word_1_658' title='bbox 1387 4605 1436 4661; x_wconf 90' lang='lat' dir='ltr'>pro</span> <span class='ocrx_word' id='word_1_659' title='bbox 1460 4605 1514 4646; x_wconf 89' lang='lat' dir='ltr'>uno</span> <span class='ocrx_word' id='word_1_660' title='bbox 1529 4604 1602 4645; x_wconf 91' lang='lat' dir='ltr'>annu</span> <span class='ocrx_word' id='word_1_661' title='bbox 1617 4590 1765 4661; x_wconf 83' lang='lat' dir='ltr'>inparrsst</span> 
     </span>
     <span class='ocr_line' id='line_1_72' title="bbox 133 4673 1766 4758; baseline 0.007 -26"><span class='ocrx_word' id='word_1_662' title='bbox 133 4683 319 4732; x_wconf 89' lang='lat' dir='ltr'>consecratum</span> <span class='ocrx_word' id='word_1_663' title='bbox 336 4715 344 4739; x_wconf 94' lang='lat'>,</span> <span class='ocrx_word' id='word_1_664' title='bbox 363 4673 404 4730; x_wconf 81' lang='lat' dir='ltr'>rel</span> <span class='ocrx_word' id='word_1_665' title='bbox 419 4674 519 4744; x_wconf 85' lang='lat' dir='ltr'>aliquid</span> <span class='ocrx_word' id='word_1_666' title='bbox 544 4675 607 4731; x_wconf 89' lang='lat' dir='ltr'>lruic</span> <span class='ocrx_word' id='word_1_667' title='bbox 621 4678 719 4746; x_wconf 89' lang='lat' dir='ltr'>simile,</span> <span class='ocrx_word' id='word_1_668' title='bbox 735 4689 849 4750; x_wconf 86' lang='lat' dir='ltr'>quatuor</span> <span class='ocrx_word' id='word_1_669' title='bbox 862 4682 921 4742; x_wconf 83' lang='lat' dir='ltr'>dies</span> <span class='ocrx_word' id='word_1_670' title='bbox 976 4698 1055 4755; x_wconf 88' lang='lat' dir='ltr'>aqua,</span> <span class='ocrx_word' id='word_1_671' title='bbox 1072 4684 1156 4740; x_wconf 87' lang='lat' dir='ltr'>donet</span> <span class='ocrx_word' id='word_1_672' title='bbox 1169 4685 1195 4741; x_wconf 91' lang='lat' dir='ltr'>in</span> <span class='ocrx_word' id='word_1_673' title='bbox 1211 4688 1383 4757; x_wconf 82' lang='lat' dir='ltr'>eleemosyna</span> <span class='ocrx_word' id='word_1_674' title='bbox 1395 4687 1501 4742; x_wconf 90' lang='lat' dir='ltr'>solidos</span> <span class='ocrx_word' id='word_1_675' title='bbox 1514 4687 1612 4758; x_wconf 84' lang='lat' dir='ltr'>uiginti</span> <span class='ocrx_word' id='word_1_676' title='bbox 1633 4686 1714 4755; x_wconf 86' lang='lat' dir='ltr'>duos,</span> <span class='ocrx_word' id='word_1_677' title='bbox 1737 4692 1766 4745; x_wconf 74' lang='lat' dir='ltr'>sl</span> 
     </span>
     <span class='ocr_line' id='line_1_73' title="bbox 134 4764 1763 4849; baseline 0.005 -24"><span class='ocrx_word' id='word_1_678' title='bbox 134 4768 273 4837; x_wconf 85' lang='lat' dir='ltr'>ptsniteat.</span> <span class='ocrx_word' id='word_1_679' title='bbox 289 4765 341 4832; x_wconf 84' lang='lat' dir='ltr'>Qui</span> <span class='ocrx_word' id='word_1_680' title='bbox 364 4764 533 4819; x_wconf 88' lang='lat' dir='ltr'>morticinum</span> <span class='ocrx_word' id='word_1_681' title='bbox 562 4765 662 4821; x_wconf 86' lang='lat' dir='ltr'>inscius</span> <span class='ocrx_word' id='word_1_682' title='bbox 683 4769 841 4838; x_wconf 85' lang='lat' dir='ltr'>cortredarit‚</span> <span class='ocrx_word' id='word_1_683' title='bbox 855 4788 921 4842; x_wconf 90' lang='lat' dir='ltr'>qua·</span> <span class='ocrx_word' id='word_1_684' title='bbox 975 4775 1002 4831; x_wconf 90' lang='lat' dir='ltr'>in</span> <span class='ocrx_word' id='word_1_685' title='bbox 1025 4791 1184 4849; x_wconf 88' lang='lat' dir='ltr'>unaquaque</span> <span class='ocrx_word' id='word_1_686' title='bbox 1211 4779 1380 4837; x_wconf 84' lang='lat' dir='ltr'>hebdomade</span> <span class='ocrx_word' id='word_1_687' title='bbox 1403 4794 1487 4833; x_wconf 89' lang='lat' dir='ltr'>unum</span> <span class='ocrx_word' id='word_1_688' title='bbox 1510 4779 1581 4833; x_wconf 88' lang='lat' dir='ltr'>diem</span> <span class='ocrx_word' id='word_1_689' title='bbox 1604 4779 1713 4848; x_wconf 81' lang='lat' dir='ltr'>jejunet</span> <span class='ocrx_word' id='word_1_690' title='bbox 1731 4776 1763 4833; x_wconf 82' lang='lat' dir='ltr'>ad</span> 
     </span>
     <span class='ocr_line' id='line_1_74' title="bbox 134 4855 1761 4942; baseline 0.007 -28"><span class='ocrx_word' id='word_1_691' title='bbox 134 4860 254 4931; x_wconf 85' lang='lat' dir='ltr'>draginta</span> <span class='ocrx_word' id='word_1_692' title='bbox 279 4857 337 4914; x_wconf 84' lang='lat' dir='ltr'>dies</span> <span class='ocrx_word' id='word_1_693' title='bbox 358 4855 507 4928; x_wconf 82' lang='lat' dir='ltr'>poerriteat:</span> <span class='ocrx_word' id='word_1_694' title='bbox 524 4856 547 4912; x_wconf 91' lang='lat' dir='ltr'>si</span> <span class='ocrx_word' id='word_1_695' title='bbox 562 4864 652 4912; x_wconf 88' lang='lat' dir='ltr'>autem</span> <span class='ocrx_word' id='word_1_696' title='bbox 673 4858 783 4927; x_wconf 87' lang='lat' dir='ltr'>scions,</span> <span class='ocrx_word' id='word_1_697' title='bbox 811 4872 919 4919; x_wconf 81' lang='lat' dir='ltr'>ceritum</span> <span class='ocrx_word' id='word_1_698' title='bbox 975 4883 1083 4935; x_wconf 88' lang='lat' dir='ltr'>nonam,</span> <span class='ocrx_word' id='word_1_699' title='bbox 1103 4879 1131 4926; x_wconf 92' lang='lat' dir='ltr'>et</span> <span class='ocrx_word' id='word_1_700' title='bbox 1151 4871 1232 4926; x_wconf 90' lang='lat' dir='ltr'>alium</span> <span class='ocrx_word' id='word_1_701' title='bbox 1251 4872 1285 4927; x_wconf 86' lang='lat' dir='ltr'>ad</span> <span class='ocrx_word' id='word_1_702' title='bbox 1304 4885 1457 4942; x_wconf 75' lang='lat' dir='ltr'>uesperum</span> <span class='ocrx_word' id='word_1_703' title='bbox 1477 4878 1506 4926; x_wconf 89' lang='lat' dir='ltr'>et</span> <span class='ocrx_word' id='word_1_704' title='bbox 1538 4870 1557 4925; x_wconf 71' lang='lat'>3</span> <span class='ocrx_word' id='word_1_705' title='bbox 1579 4871 1684 4941; x_wconf 82' lang='lat' dir='ltr'>quadr.</span> <span class='ocrx_word' id='word_1_706' title='bbox 1703 4868 1761 4927; x_wconf 78' lang='lat' dir='ltr'>inl</span> 
     </span>
    </p>
   </div>
   <div class='ocr_carea' id='block_1_12' title="bbox 132 4991 920 5767">
    <p class='ocr_par' dir='ltr' id='par_1_18' title="bbox 135 4991 918 5133">
     <span class='ocr_line' id='line_1_75' title="bbox 171 4991 918 5068; baseline 0.008 -19"><span class='ocrx_word' id='word_1_707' title='bbox 171 4992 328 5063; x_wconf 70' lang='lat' dir='ltr'>⁸Gorirrpior</span> <span class='ocrx_word' id='word_1_708' title='bbox 342 5008 352 5049; x_wconf 92' lang='grc'>.·</span> <span class='ocrx_word' id='word_1_709' title='bbox 366 4992 431 5048; x_wconf 83' lang='lat' dir='ltr'>alibi</span> <span class='ocrx_word' id='word_1_710' title='bbox 450 4991 594 5057; x_wconf 87' lang='lat' dir='ltr'>dicuutur,</span> <span class='ocrx_word' id='word_1_711' title='bbox 620 4993 719 5062; x_wconf 82' lang='lat' dir='ltr'>diuini,</span> <span class='ocrx_word' id='word_1_712' title='bbox 742 4994 918 5068; x_wconf 72' lang='lat' dir='ltr'>divinatores,</span> 
     </span>
     <span class='ocr_line' id='line_1_76' title="bbox 135 5065 511 5133; baseline -0.003 -12"><span class='ocrx_word' id='word_1_713' title='bbox 135 5065 262 5133; x_wconf 80' lang='lat' dir='ltr'>sacrilegi,</span> <span class='ocrx_word' id='word_1_714' title='bbox 275 5065 440 5133; x_wconf 61' lang='lat' dir='ltr'>formularii,</span> <span class='ocrx_word' id='word_1_715' title='bbox 457 5073 511 5120; x_wconf 88' lang='lat' dir='ltr'>etc.</span> 
     </span>
    </p>

    <p class='ocr_par' dir='ltr' id='par_1_19' title="bbox 132 5133 920 5638">
     <span class='ocr_line' id='line_1_77' title="bbox 170 5133 920 5203; baseline 0.008 -14"><span class='ocrx_word' id='word_1_716' title='bbox 170 5134 305 5199; x_wconf 69' lang='lat' dir='ltr'>trente,</span> <span class='ocrx_word' id='word_1_717' title='bbox 321 5133 478 5203; x_wconf 77' lang='lat' dir='ltr'>plrplacreria</span> <span class='ocrx_word' id='word_1_718' title='bbox 490 5134 567 5187; x_wconf 83' lang='lat' dir='ltr'>etiam</span> <span class='ocrx_word' id='word_1_719' title='bbox 582 5133 721 5201; x_wconf 87' lang='lat' dir='ltr'>diabolico,</span> <span class='ocrx_word' id='word_1_720' title='bbox 748 5146 771 5190; x_wconf 84' lang='lat' dir='ltr'>et</span> <span class='ocrx_word' id='word_1_721' title='bbox 796 5139 835 5193; x_wconf 82' lang='lat' dir='ltr'>uel</span> <span class='ocrx_word' id='word_1_722' title='bbox 859 5139 920 5195; x_wconf 77' lang='lat' dir='ltr'>aba·</span> 
     </span>
     <span class='ocr_line' id='line_1_78' title="bbox 134 5203 920 5289; baseline 0.008 -28"><span class='ocrx_word' id='word_1_723' title='bbox 134 5215 243 5289; x_wconf 75' lang='lat' dir='ltr'>roctercs</span> <span class='ocrx_word' id='word_1_724' title='bbox 258 5203 416 5285; x_wconf 73' lang='lat' dir='ltr'>diobolicas,</span> <span class='ocrx_word' id='word_1_725' title='bbox 428 5206 467 5258; x_wconf 85' lang='lat' dir='ltr'>nel</span> <span class='ocrx_word' id='word_1_726' title='bbox 479 5204 579 5271; x_wconf 73' lang='lat' dir='ltr'>barbas,</span> <span class='ocrx_word' id='word_1_727' title='bbox 593 5205 632 5258; x_wconf 84' lang='lat' dir='ltr'>orl</span> <span class='ocrx_word' id='word_1_728' title='bbox 647 5221 736 5261; x_wconf 79' lang='lat' dir='ltr'>sarcos</span> <span class='ocrx_word' id='word_1_729' title='bbox 749 5209 812 5275; x_wconf 83' lang='lat' dir='ltr'>stria,</span> <span class='ocrx_word' id='word_1_730' title='bbox 824 5211 864 5266; x_wconf 84' lang='lat' dir='ltr'>orl</span> <span class='ocrx_word' id='word_1_731' title='bbox 872 5210 920 5266; x_wconf 82' lang='lat' dir='ltr'>riti</span> 
     </span>
     <span class='ocr_line' id='line_1_79' title="bbox 132 5275 794 5427; baseline 0.029 -42"><span class='ocrx_word' id='word_1_732' title='bbox 132 5275 469 5427; x_wconf 43' lang='lat' dir='ltr'>&#39;mmmmm</span> <span class='ocrx_word' id='word_1_733' title='bbox 480 5344 570 5413; x_wconf 81' lang='lat' dir='ltr'>lapsos</span> <span class='ocrx_word' id='word_1_734' title='bbox 582 5362 615 5402; x_wconf 85' lang='lat' dir='ltr'>er</span> <span class='ocrx_word' id='word_1_735' title='bbox 634 5344 681 5402; x_wconf 76' lang='lat' dir='ltr'>XC</span> <span class='ocrx_word' id='word_1_736' title='bbox 696 5347 721 5402; x_wconf 86' lang='lat' dir='ltr'>in</span> <span class='ocrx_word' id='word_1_737' title='bbox 735 5346 794 5409; x_wconf 73' lang='lat' dir='ltr'>CX.</span> 
     </span>
     <span class='ocr_line' id='line_1_80' title="bbox 150 5414 920 5502; baseline 0.006 -31"><span class='ocrx_word' id='word_1_738' title='bbox 150 5415 257 5502; x_wconf 33' lang='lat' dir='ltr'>&#39;ibeo</span> <span class='ocrx_word' id='word_1_739' title='bbox 279 5430 320 5473; x_wconf 85' lang='lat' dir='ltr'>sic</span> <span class='ocrx_word' id='word_1_740' title='bbox 344 5414 469 5475; x_wconf 82' lang='lat' dir='ltr'>emurrdtt</span> <span class='ocrx_word' id='word_1_741' title='bbox 491 5420 554 5472; x_wconf 78' lang='lat' dir='ltr'>bnt.</span> <span class='ocrx_word' id='word_1_742' title='bbox 576 5422 644 5489; x_wconf 76' lang='lat' dir='ltr'>Aug.</span> <span class='ocrx_word' id='word_1_743' title='bbox 663 5420 707 5475; x_wconf 85' lang='lat' dir='ltr'>:si</span> <span class='ocrx_word' id='word_1_744' title='bbox 721 5435 797 5475; x_wconf 86' lang='lat' dir='ltr'>suurn</span> <span class='ocrx_word' id='word_1_745' title='bbox 818 5422 920 5491; x_wconf 70' lang='lat' dir='ltr'>torrili-</span> 
     </span>
     <span class='ocr_line' id='line_1_81' title="bbox 132 5497 638 5638; baseline 0.006 -29"><span class='ocrx_word' id='word_1_746' title='bbox 132 5497 310 5622; x_wconf 46' lang='lat' dir='ltr'>mri‘grtfril„</span> <span class='ocrx_word' id='word_1_747' title='bbox 324 5566 350 5611; x_wconf 83' lang='lat' dir='ltr'>et</span> <span class='ocrx_word' id='word_1_748' title='bbox 360 5554 451 5638; x_wconf 61' lang='lat' dir='ltr'>sermio</span> <span class='ocrx_word' id='word_1_749' title='bbox 463 5556 638 5613; x_wconf 72' lang='lat' dir='ltr'>conburatur.</span> 
     </span>
    </p>

    <p class='ocr_par' dir='ltr' id='par_1_20' title="bbox 169 5625 631 5692">
     <span class='ocr_line' id='line_1_82' title="bbox 169 5625 631 5692; baseline 0.017 -14"><span class='ocrx_word' id='word_1_750' title='bbox 169 5626 179 5663; x_wconf 71' lang='lat' dir='ltr'>i</span> <span class='ocrx_word' id='word_1_751' title='bbox 198 5627 305 5692; x_wconf 68' lang='lat' dir='ltr'>l’ranit„</span> <span class='ocrx_word' id='word_1_752' title='bbox 318 5625 451 5684; x_wconf 81' lang='lat' dir='ltr'>stillarent</span> <span class='ocrx_word' id='word_1_753' title='bbox 463 5639 486 5683; x_wconf 84' lang='lat' dir='ltr'>et</span> <span class='ocrx_word' id='word_1_754' title='bbox 501 5629 527 5684; x_wconf 86' lang='lat' dir='ltr'>in</span> <span class='ocrx_word' id='word_1_755' title='bbox 541 5628 588 5685; x_wconf 83' lang='lat' dir='ltr'>alt.</span> <span class='ocrx_word' id='word_1_756' title='bbox 606 5646 631 5686; x_wconf 87' lang='lat' dir='ltr'>r.</span> 
     </span>
    </p>

    <p class='ocr_par' dir='ltr' id='par_1_21' title="bbox 167 5694 399 5767">
     <span class='ocr_line' id='line_1_83' title="bbox 167 5694 399 5767; baseline 0.022 -19"><span class='ocrx_word' id='word_1_757' title='bbox 167 5703 180 5744; x_wconf 61' lang='grc' dir='ltr'>Ι</span> <span class='ocrx_word' id='word_1_758' title='bbox 197 5694 305 5767; x_wconf 35' lang='lat' dir='ltr'>&#39;mount’</span> <span class='ocrx_word' id='word_1_759' title='bbox 318 5697 399 5767; x_wconf 48' lang='lat' dir='ltr'>plue·</span> 
     </span>
    </p>
   </div>
   <div class='ocr_carea' id='block_1_13' title="bbox 972 5002 1800 5712">
    <p class='ocr_par' dir='ltr' id='par_1_22' title="bbox 972 5002 1800 5136">
     <span class='ocr_line' id='line_1_84' title="bbox 1008 5002 1763 5077; baseline 0.008 -19"><span class='ocrx_word' id='word_1_760' title='bbox 1008 5002 1022 5041; x_wconf 80' lang='lat'>²¹</span> <span class='ocrx_word' id='word_1_761' title='bbox 1038 5003 1146 5070; x_wconf 66' lang='lat' dir='ltr'>inanit,</span> <span class='ocrx_word' id='word_1_762' title='bbox 1159 5005 1257 5074; x_wconf 83' lang='lat' dir='ltr'>oiiqaid</span> <span class='ocrx_word' id='word_1_763' title='bbox 1271 5023 1347 5077; x_wconf 80' lang='lat' dir='ltr'>super</span> <span class='ocrx_word' id='word_1_764' title='bbox 1364 5006 1448 5061; x_wconf 81' lang='lat' dir='ltr'>ultore</span> <span class='ocrx_word' id='word_1_765' title='bbox 1460 5008 1582 5065; x_wconf 74' lang='lat' dir='ltr'>decollas</span> <span class='ocrx_word' id='word_1_766' title='bbox 1592 5008 1657 5062; x_wconf 71' lang='lat' dir='ltr'>dent</span> <span class='ocrx_word' id='word_1_767' title='bbox 1671 5008 1763 5064; x_wconf 74' lang='lat' dir='ltr'>ulra·</span> 
     </span>
     <span class='ocr_line' id='line_1_85' title="bbox 972 5075 1800 5136; baseline 0.012 -7"><span class='ocrx_word' id='word_1_768' title='bbox 972 5075 1041 5129; x_wconf 85' lang='lat' dir='ltr'>airas</span> <span class='ocrx_word' id='word_1_769' title='bbox 1055 5075 1140 5135; x_wconf 78' lang='lat' dir='ltr'>mirare</span> <span class='ocrx_word' id='word_1_770' title='bbox 1152 5077 1304 5136; x_wconf 76' lang='lat' dir='ltr'>celebratas.</span> <span class='ocrx_word' id='word_1_771' title='bbox 1796 5088 1800 5096; x_wconf 87' lang='grc'><strong>“</strong></span> 
     </span>
    </p>

    <p class='ocr_par' dir='ltr' id='par_1_23' title="bbox 1010 5143 1367 5218">
     <span class='ocr_line' id='line_1_86' title="bbox 1010 5143 1367 5218; baseline 0.008 -18"><span class='ocrx_word' id='word_1_772' title='bbox 1010 5143 1018 5183; x_wconf 74' lang='lat'><strong>¹</strong></span> <span class='ocrx_word' id='word_1_773' title='bbox 1036 5147 1100 5201; x_wconf 75' lang='lat' dir='ltr'>Aut.</span> <span class='ocrx_word' id='word_1_774' title='bbox 1115 5151 1196 5218; x_wconf 63' lang='lat' dir='ltr'>Aug„</span> <span class='ocrx_word' id='word_1_775' title='bbox 1213 5152 1367 5203; x_wconf 72' lang='lat' dir='ltr'>asstiterant.</span> 
     </span>
    </p>

    <p class='ocr_par' dir='ltr' id='par_1_24' title="bbox 1009 5215 1607 5290">
     <span class='ocr_line' id='line_1_87' title="bbox 1009 5215 1607 5290; baseline 0.015 -24"><span class='ocrx_word' id='word_1_776' title='bbox 1009 5215 1016 5264; x_wconf 87' lang='lat' dir='ltr'>i</span> <span class='ocrx_word' id='word_1_777' title='bbox 1036 5219 1099 5270; x_wconf 75' lang='lat' dir='ltr'>Ant.</span> <span class='ocrx_word' id='word_1_778' title='bbox 1113 5220 1194 5283; x_wconf 67' lang='lat' dir='ltr'>ang,</span> <span class='ocrx_word' id='word_1_779' title='bbox 1206 5217 1276 5287; x_wconf 72' lang='lat' dir='ltr'>[arto</span> <span class='ocrx_word' id='word_1_780' title='bbox 1289 5228 1334 5273; x_wconf 84' lang='lat' dir='ltr'>rut</span> <span class='ocrx_word' id='word_1_781' title='bbox 1349 5220 1439 5290; x_wconf 75' lang='lat' dir='ltr'>[suade</span> <span class='ocrx_word' id='word_1_782' title='bbox 1458 5220 1607 5289; x_wconf 75' lang='lat' dir='ltr'>queritans.</span> 
     </span>
    </p>

    <p class='ocr_par' dir='ltr' id='par_1_25' title="bbox 1009 5284 1332 5359">
     <span class='ocr_line' id='line_1_88' title="bbox 1009 5284 1332 5359; baseline 0.012 -22"><span class='ocrx_word' id='word_1_783' title='bbox 1009 5284 1021 5324; x_wconf 54' lang='grc' dir='ltr'><strong>ἱ</strong></span> <span class='ocrx_word' id='word_1_784' title='bbox 1035 5284 1143 5355; x_wconf 70' lang='grc' dir='ltr'>Ρωιιὶῑ.,</span> <span class='ocrx_word' id='word_1_785' title='bbox 1156 5286 1199 5342; x_wconf 76' lang='lat' dir='ltr'>Cb</span> <span class='ocrx_word' id='word_1_786' title='bbox 1211 5287 1332 5359; x_wconf 75' lang='lat' dir='ltr'>proluunt.</span> 
     </span>
    </p>

    <p class='ocr_par' dir='ltr' id='par_1_26' title="bbox 1010 5355 1292 5428">
     <span class='ocr_line' id='line_1_89' title="bbox 1010 5355 1292 5428; baseline 0.004 -15"><span class='ocrx_word' id='word_1_787' title='bbox 1010 5355 1019 5396; x_wconf 92' lang='lat'><strong>¹</strong></span> <span class='ocrx_word' id='word_1_788' title='bbox 1036 5356 1144 5423; x_wconf 66' lang='lat' dir='ltr'>Poertil„</span> <span class='ocrx_word' id='word_1_789' title='bbox 1159 5361 1292 5428; x_wconf 70' lang='lat' dir='ltr'>palantis.</span> 
     </span>
    </p>

    <p class='ocr_par' dir='ltr' id='par_1_27' title="bbox 1007 5428 1528 5501">
     <span class='ocr_line' id='line_1_90' title="bbox 1007 5428 1528 5501; baseline 0.006 -20"><span class='ocrx_word' id='word_1_790' title='bbox 1007 5436 1028 5464; x_wconf 81' lang='lat'>¹¹¹</span> <span class='ocrx_word' id='word_1_791' title='bbox 1043 5428 1154 5494; x_wconf 73' lang='lat' dir='ltr'>Posuit,</span> <span class='ocrx_word' id='word_1_792' title='bbox 1167 5431 1274 5501; x_wconf 74' lang='lat' dir='ltr'>gruibus</span> <span class='ocrx_word' id='word_1_793' title='bbox 1285 5430 1360 5500; x_wconf 68' lang='lat' dir='ltr'>liscio</span> <span class='ocrx_word' id='word_1_794' title='bbox 1369 5431 1396 5485; x_wconf 85' lang='lat' dir='ltr'>iu</span> <span class='ocrx_word' id='word_1_795' title='bbox 1409 5431 1528 5489; x_wconf 63' lang='lat' dir='ltr'>aalide.</span> 
     </span>
    </p>

    <p class='ocr_par' dir='ltr' id='par_1_28' title="bbox 1008 5495 1679 5570">
     <span class='ocr_line' id='line_1_91' title="bbox 1008 5495 1679 5570; baseline 0.012 -20"><span class='ocrx_word' id='word_1_796' title='bbox 1008 5505 1021 5534; x_wconf 81' lang='lat'>¹¹</span> <span class='ocrx_word' id='word_1_797' title='bbox 1035 5495 1145 5565; x_wconf 74' lang='lat' dir='ltr'>Poenis..</span> <span class='ocrx_word' id='word_1_798' title='bbox 1159 5501 1288 5570; x_wconf 79' lang='lat' dir='ltr'>sipoaper</span> <span class='ocrx_word' id='word_1_799' title='bbox 1304 5511 1342 5556; x_wconf 85' lang='lat' dir='ltr'>est</span> <span class='ocrx_word' id='word_1_800' title='bbox 1356 5516 1365 5556; x_wconf 93' lang='grc'>.·</span> <span class='ocrx_word' id='word_1_801' title='bbox 1378 5503 1401 5558; x_wconf 86' lang='lat' dir='ltr'>si</span> <span class='ocrx_word' id='word_1_802' title='bbox 1415 5502 1485 5559; x_wconf 82' lang='lat' dir='ltr'>diser</span> <span class='ocrx_word' id='word_1_803' title='bbox 1499 5513 1552 5557; x_wconf 85' lang='lat' dir='ltr'>trrr</span> <span class='ocrx_word' id='word_1_804' title='bbox 1564 5496 1679 5565; x_wconf 75' lang='lat' dir='ltr'>drmit</span> 
     </span>
    </p>

    <p class='ocr_par' dir='ltr' id='par_1_29' title="bbox 1008 5567 1296 5639">
     <span class='ocr_line' id='line_1_92' title="bbox 1008 5567 1296 5639; baseline 0.003 -18"><span class='ocrx_word' id='word_1_805' title='bbox 1008 5567 1142 5633; x_wconf 67' lang='lat' dir='ltr'>ernon..</span> <span class='ocrx_word' id='word_1_806' title='bbox 1158 5569 1296 5639; x_wconf 81' lang='lat' dir='ltr'>palmulas.</span> 
     </span>
    </p>

    <p class='ocr_par' dir='ltr' id='par_1_30' title="bbox 1006 5638 1332 5712">
     <span class='ocr_line' id='line_1_93' title="bbox 1006 5638 1332 5712; baseline 0 -17"><span class='ocrx_word' id='word_1_807' title='bbox 1006 5648 1020 5688; x_wconf 82' lang='lat'>¹·</span> <span class='ocrx_word' id='word_1_808' title='bbox 1034 5638 1143 5710; x_wconf 72' lang='lat' dir='ltr'>inrita,</span> <span class='ocrx_word' id='word_1_809' title='bbox 1159 5650 1184 5694; x_wconf 82' lang='lat' dir='ltr'>rt</span> <span class='ocrx_word' id='word_1_810' title='bbox 1198 5641 1332 5712; x_wconf 77' lang='lat' dir='ltr'>sagimine.</span> 
     </span>
    </p>
   </div>
   <div class='ocr_carea' id='block_1_14' title="bbox 0 0 1919 6114">
    <p class='ocr_par' dir='ltr' id='par_1_31' title="bbox 0 0 1919 6114">
     <span class='ocr_line' id='line_1_94' title="bbox 0 0 1919 6114; baseline 0 0"><span class='ocrx_word' id='word_1_811' title='bbox 0 0 1919 6114; x_wconf 95' lang='lat' dir='ltr'> </span> 
     </span>
    </p>
   </div>
  </div>
 </body>
</html>
