3832 6114
104 281 142 340 53
347 236 349 239 ι
542 280 656 338 snndn
677 279 778 339 PAPAE
798 284 806 338 Ι
829 283 993 340 EPISTULA
1014 286 1057 341 AD
1075 284 1306 344 cssdtrttlnnn.
1696 292 1732 350 nt

105 395 229 455 doctrina
254 393 410 466 apostoliea
424 391 501 448 sedis
513 395 664 462 illuminati,
680 412 740 452 eum
756 412 820 465 paee
831 409 933 463 eoo-A
948 402 998 456 niae
1011 402 1250 472 arcluiepiscopnm.
1265 403 1314 458 llie
1325 403 1459 459 ordinarit
1479 418 1526 475 per
1537 405 1657 464 diuersas
1670 424 1731 479 pro·

103 498 231 549 sonarrtes
246 486 365 554 ueritati,
388 486 422 540 ad
437 488 545 556 propria
559 491 566 518 ¹
583 488 692 542 relaxari
705 500 776 542 surm
794 488 842 544 llic
856 489 895 547 le·
947 492 1046 547 vineias
1070 494 1209 562 episcopos
1220 496 1362 564 nonaginta
1379 505 1493 565 septem.
1509 495 1584 552 lieeit
1597 508 1686 555 autern
1701 511 1730 556 et

102 582 141 634 eit
162 575 341 648 cooperturis,
367 572 411 630 rel
423 580 487 630 nasa
507 590 598 643 aurea,
614 581 641 632 et
654 584 780 646 argentea
793 579 803 610 ¹
818 579 894 648 plura
947 583 1129 640 ordinationes
1153 584 1219 640 duas
1247 600 1294 654 per
1312 599 1432 641 rnerisem
1447 579 1545 652 Alerni,
1562 582 1732 659 presbyteros

103 686 153 742 per
164 671 284 727 diversas
297 668 439 734 ecelesias,
456 668 488 723 ad
503 684 580 723 nsum
593 677 619 724 et
634 677 755 724 ornatum
771 670 895 726 ecelesia·
948 672 1290 746 xvimdneouosqumum,
1301 675 1432 745 quioniam
1442 678 1561 747 sepultus
1572 686 1613 733 est
1626 679 1731 736 adbea·

103 755 893 829 cuiucnrisndlieordinarirnsmisonmaccniepiseopum
946 770 1001 817 tum
1025 764 1131 820 l’etrum
1151 766 1336 835 apostolum·
1364 783 1388 822 rr
1415 767 1475 822 ldos
1498 767 1675 837 Septembris,
1691 771 1732 824 in·

101 862 203 906 sanetae
230 849 356 905 Ecclesiae
382 846 565 922 Rauennatis,
591 844 603 880 ⁸
621 857 703 916 atque
728 847 892 906 Clementem
947 852 1086 909 dictionel
1103 870 1146 920 er,
1163 855 1270 911 'liberio
1282 860 1413 926 Augusto,
1429 868 1454 913 et
1465 860 1580 915 cessarit
1595 861 1731 930 episcopa-

101 941 113 973 ·
128 943 314 999 Frisooorum.
329 939 378 997 llie
391 939 524 995 ordinarit
537 941 548 972 ⁸
563 941 773 1012 Bereebyaldum
789 941 893 998 llritao·
947 953 988 997 tus
1001 959 1119 1000 mensem
1135 962 1227 1014 eroum,
1242 948 1299 1003 dies
1313 949 1414 1016 uiginti.

711 1048 908 1108 tautanius
927 1051 1129 1111 Lectiones·

138 1142 228 1199 ruod.
245 1142 324 1205 Luc„
336 1142 439 1196 reoer'st'.
980 1143 1072 1199 tend.
1089 1146 1167 1209 bute„
1184 1147 1207 1199 F
1209 1151 1333 1201 ciconum.

140 1214 203 1268 'Ab
218 1229 275 1266 nm.
293 1211 380 1280 pluro.
618 1271 620 1276 ¹
982 1214 992 1243 ¹
1007 1213 1074 1268 ene.
1092 1213 1169 1279 Luc„
1183 1215 1391 1276 llorertuulduru.

139 1283 150 1313 ⁸
165 1283 207 1338 ul.
225 1282 390 1336 decennalis.
411 1278 462 1332 llic
472 1278 600 1334 ordinauit
614 1277 781 1332 bertoaldum
791 1276 891 1330 urente·
980 1280 1073 1336 ⁸Cod.
1089 1282 1166 1346 Luc..
1181 1288 1278 1354 quinto.

100 1354 247 1424 piseopum,
259 1349 491 1418 atquet'lemerrtcm
503 1350 529 1403 iit
539 1346 825 1420 mstcnrb'risonsrmrt.
838 1346 892 1400 llic
980 1350 991 1382 ¹
1006 1351 1061 1415 Al,
1078 1359 1133 1407 xttc

98 1421 233 1476 ordinarit
247 1421 421 1491 perdicerent,
436 1429 486 1474 etc.

739 1507 919 1568 vrunlnntltl
937 1507 1064 1565 NOTAE.

100 1616 242 1676 postquam
256 1604 328 1659 enim
343 1604 477 1660 Tiberium
492 1604 660 1661 Absimarum
679 1600 811 1661 inuasisse
829 1615 891 1656 uar-
946 1597 1154 1681 Aquileienses3
1170 1614 1230 1655 nam
1243 1609 1322 1656 erant
1340 1602 1462 1660 earlroliei
1484 1606 1731 1679 metropolimque

101 1678 174 1732 ravit
187 1675 328 1744 imperium
343 1673 419 1728 :lloc
433 1681 556 1741 tenrporc,
572 1674 671 1736 subdit,
685 1673 797 1743 synodus
811 1671 891 1740 Aqui·
940 1669 1081 1737 Ecclesiae,
1104 1686 1131 1724 m
1147 1671 1231 1725 insula
1252 1680 1339 1727 tauma
1360 1672 1449 1728 Gradu
1462 1677 1587 1731 ordinati.
1603 1677 1725 1734 Nondum

101 1747 160 1800 lcioe
184 1747 262 1815 soem,
288 1743 320 1798 ob
344 1744 497 1814 imperitiam
519 1745 590 1812 fidei,
615 1746 730 1811 quintum
751 1742 891 1795 urrioersale
942 1740 1014 1793 euim
1038 1738 1194 1807 metropolis
1217 1740 1344 1811 Aquileia}
1365 1742 1392 1797 in
1412 1744 1478 1799 duas
1494 1747 1608 1802 dissecta
1632 1750 1729 1815 luerat,

101 1815 237 1868 concilium
257 1813 496 1882 suuipmcdiffidir,
520 1818 601 1868 denec
621 1813 685 1868 beati
709 1812 795 1882 Serpit
817 1826 891 1881 popm
908 1807 1014 1877 nquod
1037 1817 1130 1877 postea
1144 1809 1263 1881 Gregorii
1278 1810 1299 1866 ll
1313 1814 1472 1868 auctoritate
1491 1815 1588 1871 laetum
1602 1815 1660 1871 luit.
1673 1816 1729 1873 llua

101 1885 204 1938 monitis
215 1885 350 1948 instructo,
363 1891 386 1937 ct
406 1886 462 1950 ipse
476 1899 536 1937 cum
553 1882 755 1938 ceterisdbristi
770 1879 892 1936 Ecclesiis
945 1880 1101 1948 metropolis
1122 1888 1189 1946 erat,
1206 1882 1291 1951 inquit
1312 1883 1435 1939 laudatus
1454 1895 1556 1952 auctor,
1572 1901 1633 1955 qnae
1656 1888 1729 1942 sctri-

101 1968 214 2008 mmuere
236 1954 369 2006 consentit.
405 1952 468 2008 llaee
498 1952 553 2022 jam
588 1951 828 2009 animadverteram
857 1953 892 2006 de
944 1954 1030 2002 emate
1045 1948 1227 2014 lacerabatnr3
1244 1965 1325 2006 unum
1336 1965 1434 2022 eorpus
1446 1964 1506 2009 eum
1520 1955 1619 2027 duplici
1630 1957 1728 2026 eapite,

103 2024 187 2077 altera
217 2021 422 2093 pseudosynodo
451 2024 615 2092 Aquileiensi
651 2031 742 2079 eontra
769 2022 890 2090 quintum
943 2018 1028 2072 altero
1050 2017 1232 2083 selrismatieo,
1252 2020 1337 2074 altero
1355 2024 1502 2090 eatbolie03
1523 2040 1555 2080 ae
1575 2026 1729 2081 alterisana

106 2091 419 2154 uniuersaleconenlum
435 2106 494 2146 eum
515 2093 547 2146 ad
572 2091 889 2159 manusreniternditis-
943 2088 1062 2141 membra
1087 2086 1277 2154 adhaerebant,
1303 2089 1379 2144 alteri
1411 2094 1546 2149 morbosa.
1576 2096 1729 2151 liatnolious

105 2164 175 2216 sima
189 2162 339 2218 dissertatio
354 2161 388 2217 de
406 2161 549 2217 schismate
565 2163 692 2218 Ecclesiae
707 2160 888 2232 Aquileiensis
942 2157 1112 2238 metropolita
1136 2156 1461 2239 dicebaturGradensls,
1490 2164 1560 2233 quod
1588 2167 1614 2220 ln
1641 2167 1726 2220 insula

102 2231 140 2285 el.
155 2229 239 2286 Putris
255 2229 381 2287 bernardi
396 2230 485 2287 llariae
497 2231 531 2287 de
543 2232 652 2297 llubeis,
669 2231 696 2286 in
725 2246 759 2286 na
771 2228 846 2302 (Cap.
859 2229 886 2298 5,
941 2226 1030 2282 Grado
1043 2228 1202 2295 eligeretur;
1226 2227 1413 2283 sebrsmatreus
1426 2235 1574 2300 appellatus
1588 2243 1630 2289 est
1646 2237 1728 2303 Aqui-

58 2364 59 2367 ,
102 2300 148 2370 llll
162 2300 278 2356 ostendit
297 2301 429 2373 synodum
451 2301 585 2358 divertam
599 2302 634 2358 ub
649 2301 694 2357 illa
736 2300 818 2356 aulinl
836 2301 887 2356 lle·
941 2295 1061 2364 Mortale,
1072 2297 1143 2368 quod
1154 2293 1283 2364 loannes,
1292 2299 1568 2356 satnolieoliandiano
1580 2305 1729 2374 oppositus,

100 2370 164 2424 dam
187 2371 350 2439 siguificare.
374 2371 414 2425 Ad
438 2373 589 2442 oppositum
611 2386 675 2427 reru
698 2365 889 2425 retlooemds-
938 2360 1072 2422 iurelure
1086 2362 1165 2448 luerlr
1185 2366 1322 2423 ordinauit
1336 2364 1466 2438 Aquileia.
1481 2371 1598 2442 Uterque
1610 2388 1640 2427 se
1654 2386 1729 2442 gere·

101 2450 234 2508 sumptam
254 2450 356 2496 tumes
377 2440 575 2510 subscriptione
588 2440 693 2498 narimi
710 2436 887 2510 squrtmrsts
940 2431 1045 2517 bainna
1060 2428 1283 2506 aquitannum
1296 2430 1416 2508 tlblluru
1438 2442 1464 2494 ln
1489 2449 1569 2497 rotam
1594 2454 1728 2511 metropo-

98 2512 203 2579 sgoodo
224 2509 522 2576 bateranensi,tumer
541 2512 667 2582 synodiea
683 2511 888 2580 llomanaesyn·
939 2507 985 2560 lim
1011 2505 1171 2585 rtrrdleabat.
1199 2505 1302 2563 Furore
1332 2507 1566 2578 Langobardorum
1589 2510 1730 2567 fruebatur

99 2579 144 2632 odi
171 2579 223 2635 sub
243 2589 337 2635 sancto
358 2581 514 2651 Agathone,
537 2582 579 2636 eui
601 2581 758 2650 subscripsit
783 2581 887 2650 Agatbo
941 2577 1145 2642 selrismaueus;
1162 2576 1296 2631 catholieo
1311 2576 1437 2633 terrebant
1453 2581 1564 2637 ltonrani
1579 2582 1728 2652 pontilloes,

100 2650 280 2717 Aquileiensis
297 2665 357 2704 cum
372 2651 429 2705 suis
450 2650 634 2721 suffraganeis,
651 2648 794 2719 respondet
816 2648 886 2704 idem
940 2645 1061 2711 exarebi,
1082 2654 1110 2700 et
1131 2645 1358 2702 Cirrisnauissima
1385 2648 1545 2705 Venetorum
1567 2651 1727 2721 respublica.

95 2719 271 2773 doctissimus
282 2718 407 2788 scriptor,
417 2720 559 2775 blaximum
570 2730 598 2776 et
609 2721 776 2791 Agathonem
787 2735 839 2773 non
852 2719 885 2773 ad
938 2716 989 2770 Sed
1005 2716 1038 2771 de
1054 2716 1162 2770 bistoriu
1177 2716 1254 2785 nucius
1268 2718 1418 2773 sebismatls
1430 2720 1504 2788 plura
1523 2721 1567 2791 qui
1581 2722 1726 2788 desideret,

100 2788 297 2855 Aquileiensem
310 2791 471 2855 beelesiam,
487 2791 534 2846 sed
547 2793 580 2845 ad
595 2790 758 2846 Gradensem
780 2798 887 2858 specta-
938 2785 1009 2854 legat
1023 2787 1145 2842 enuidem
1158 2785 1382 2856 dissertationem,
1398 2803 1413 2843 a
1429 2805 1479 2859 qua
1493 2793 1631 2847 selrismati
1646 2791 1728 2862 Aqui·

95 2872 139 2910 ce.
153 2855 244 2928 Neque
258 2873 321 2916 rere
342 2862 492 2915 mirandum
515 2870 557 2916 est
576 2874 624 2916 ees
642 2874 672 2918 se
694 2858 886 2929 sunmrnutsse
940 2855 1034 2912 leiensi
1046 2856 1161 2911 orultnm
1173 2856 1241 2912 lueis
1254 2858 1537 2916 affunditur.llnrsus.

98 3005 1724 3037 mm*

478 3118 692 3223 SERGII
732 3112 918 3219 PAPAE
957 3116 977 3216 l
1015 3104 1331 3218 EPISTOLA

215 3300 268 3360 AD
290 3300 549 3363 cnotnntnnnt
573 3301 761 3362 nnnn'rnnt
788 3292 1033 3360 monasterti
1057 3298 1240 3361 ntl‘onnnl
1263 3301 1380 3362 Periti
1405 3303 1454 3362 ut
1477 3303 1608 3380 ruunt,

549 3459 633 3512 QUOD
655 3459 712 3502 EST
733 3458 774 3500 Ab
797 3451 1012 3502 wtntntuttustt
1037 3457 1076 3499 nr
1099 3458 1281 3515 teneurunt,

488 3581 529 3633 os
565 3581 649 3631 ouon
687 3562 879 3629 rrurrnnnr
914 3574 1028 3629 neuun
1063 3580 1341 3633 rnunslnrrunoo.

720 3772 805 3836 (ilaus.
817 3773 876 3824 Call.
889 3771 960 3823 Cone.
973 3778 1031 3824 tom.
1042 3769 1107 3834 llll.)

780 3874 1025 3894 §.Q——nae—-t

136 3950 248 4029 Serglus
271 3954 413 4025 episcopus
436 3964 525 4015 serem
538 3964 679 4014 serrorum
696 3955 742 4013 bel
758 3956 890 4015 Ceotnido
905 3963 927 4023 c
943 3955 1083 4012 terendum
1097 3962 1154 4009 sne
1177 3951 1332 4008 litteraturae
1351 3951 1457 4022 lmbnrl,
1478 3953 1548 4011 sient
1570 3956 1648 4018 decet
1673 3961 1728 4021 neo

93 4045 225 4118 religioso
239 4042 329 4100 abbati
344 4044 467 4100 salutem.
937 4047 1063 4103 deuotum
1075 4044 1261 4100 auxiliatorem
1275 4054 1376 4100 saneta
1388 4047 1482 4102 matris
1502 4049 1663 4108 urrirersalis
1679 4048 1728 4113 ble-

131 4134 237 4202 Quibus
257 4134 346 4190 verbis
368 4148 399 4189 ae
421 4135 508 4193 modis
532 4136 702 4195 elementiam
726 4137 772 4194 nei
799 4139 886 4193 nostri
936 4136 1040 4201 etesia,
1057 4134 1227 4190 obedientem
1241 4133 1413 4190 devotionem
1429 4134 1490 4191 lunio
1512 4146 1610 4194 nostres
1632 4141 1727 4199 berta·-

90 4230 178 4300 stqoe
193 4222 399 4283 transmonte-
425 4229 621 4299 proriderrtiam
641 4244 784 4301 possumus
798 4228 885 4297 edarl,
937 4224 1004 4282 tionl
1017 4238 1070 4280 non
1083 4223 1199 4280 desistas
1212 4223 1428 4288 accommodare,
1454 4226 1501 4279 scd
1516 4226 1616 4298 absque
1638 4229 1726 4304 aliqua

90 4323 123 4370 et
135 4313 233 4385 dignas
246 4315 391 4386 gratiarum
401 4317 523 4375 actiones
538 4335 586 4391 pro
596 4320 735 4377 immensis
749 4316 821 4378 elrea
836 4336 887 4377 nos
937 4317 1117 4374 remoratione
1131 4313 1285 4387 religiosum
1303 4314 1349 4370 liei
1364 4314 1492 4370 tantulum
1507 4316 1617 4387 bedam,
1641 4335 1725 4387 reue·

91 4405 153 4476 eius
168 4407 308 4463 benefieiis
322 4409 493 4478 persolvere,
513 4411 560 4482 qul
575 4412 603 4467 in
619 4412 738 4468 tenebris
751 4423 779 4468 ut
792 4413 886 4468 umbra
938 4409 1028 4465 rabilis
1039 4407 1194 4464 monasterii
1204 4407 1241 4462 tui
1254 4404 1451 4478 presbyterum,
1461 4407 1495 4463 ad
1509 4408 1601 4467 limine
1613 4424 1727 4483 apesto-

91 4498 191 4566 mortis
215 4499 314 4567 positos
335 4499 368 4554 ad
392 4501 482 4557 tomen
497 4502 616 4558 scientie
632 4501 755 4574 producit
768 4502 780 4559 t
795 4501 829 4556 Et
842 4503 885 4558 iu·
937 4500 1024 4557 lorum
1035 4500 1185 4573 principum
1200 4498 1370 4555 dominorum
1385 4513 1507 4556 meorum
1522 4502 1592 4558 l‘etri
1606 4515 1633 4560 et
1651 4506 1726 4571 Pauli

95 4587 146 4658 sce.
162 4588 359 4646 benedictionis
379 4586 483 4649 iuncea
505 4594 629 4664 gratiam,
652 4610 732 4664 quam
747 4592 824 4650 nobis
838 4609 886 4665 per
937 4605 1087 4650 amatorum
1103 4602 1210 4649 tuorum
1224 4600 1257 4648 te
1275 4600 1468 4663 protectorum,
1493 4593 1526 4648 ad
1549 4604 1647 4652 nostras
1670 4614 1727 4657 me·

94 4689 256 4746 presentem
285 4680 446 4749 portiterem
462 4690 506 4738 toa
529 4684 603 4739 misit
615 4684 712 4740 deuota
734 4684 839 4754 religio,
854 4682 887 4739 li-
937 4684 1086 4741 dioeritatis
1106 4694 1281 4753 corispectum
1297 4697 1349 4740 noo
1365 4686 1479 4741 mereris
1492 4683 1616 4756 dirigere,
1633 4703 1724 4758 quem,

95 4770 190 4823 beuter
201 4777 230 4825 et
248 4767 326 4825 bilarl
337 4771 440 4840 animo,
456 4773 536 4829 sioutl
550 4773 584 4828 ab
598 4786 630 4830 eu
643 4773 743 4830 directe
760 4781 811 4839 cst,
835 4786 885 4829 nos
937 4775 1045 4832 terente
1060 4774 1133 4842 lieo,
1153 4773 1254 4830 sanetis
1268 4774 1322 4830 tois
1334 4775 1459 4844 precibus
1474 4790 1527 4831 noo
1542 4777 1648 4832 dilndss
1663 4793 1727 4848 pro·

95 4860 246 4927 sosmpisse
260 4872 407 4932 cognosce.
424 4860 589 4933 opportune
603 4871 668 4936 ergo
681 4878 712 4919 ae
725 4862 813 4934 dignis
825 4872 886 4918 am·
937 4878 1016 4938 spere
1028 4867 1061 4922 ad
1077 4872 1103 4922 te
1121 4864 1223 4930 redire,
1248 4869 1354 4936 peraeta
1373 4864 1573 4937 premissorum
1595 4865 1727 4934 capitulo·

93 4949 309 5021 pleetcodaetuas
330 4951 522 5013 sollicitudinis
538 4957 713 5028 petitionibus
734 4954 885 5013 arctissima
936 4974 996 5016 rum
1019 4973 1081 5016 oum
1103 4957 1204 5017 auxilio
1218 4949 1265 5014 bei
1288 4956 1439 5014 desiderata
1461 4955 1653 5025 solemnium
1675 4957 1726 5016 erit

91 5039 241 5097 devotion
254 5042 386 5111 levantes,
413 5043 553 5102 lrortsmur
569 5047 624 5103 beo
636 5046 764 5103 dilectam
777 5054 831 5102 trra
843 5060 886 5103 re·
934 5048 1020 5116 euim,
1034 5056 1064 5103 ut
1077 5048 1250 5118 oonlldlmus,
1264 5051 1347 5106 etlam
1363 5049 1468 5104 canens
1479 5048 1527 5103 tibi
1541 5050 1650 5106 creditis
1664 5067 1725 5124 pre·

91 5127 244 5201 ligimltaais
256 5133 419 5205 bonitatem,
435 5140 465 5190 ut
478 5137 540 5208 quia
554 5138 656 5195 exortis
669 5136 827 5209 quibusdum
841 5147 885 5193 ee·
935 5133 1054 5212 loturum
1069 5136 1195 5214 quidquid
1205 5138 1332 5200 secrete
1345 5138 1461 5215 generali
1474 5134 1599 5201 elamerlt
1609 5148 1657 5222 pet
1666 5142 1725 5218 qus

90 5216 305 5279 eleslastiem
314 5236 457 5280 mosacum
470 5227 597 5299 ospitalis
610 5243 664 5284 non
675 5218 735 5282 sine
747 5227 885 5284 examina-
937 5233 1119 5306 prestantium
1129 5231 1306 5304 impertitum.

89 5309 165 5370 tione
178 5312 285 5384 lorrgius
295 5313 508 5391 lanateseendis,
528 5334 596 5392 opus
611 5319 688 5378 sebit
700 5326 764 5376 sunt
775 5317 808 5376 ad
818 5332 882 5377 ooo*
