3832 6114
149 375 214 437 dett
608 382 637 438 S.
658 376 857 438 btrunttSttts
875 372 1115 434 CADURCENSIS
1134 378 1332 438 episcopus.
1716 384 1782 448 lili

147 496 234 568 plebis
253 494 376 551 inducitis
399 505 459 552 sese
482 492 805 550 substantionensis
828 488 1109 560 tempusAvidcntttr
1131 492 1204 548 edim
1231 494 1367 550 normullls
1390 512 1433 553 res
1461 498 1593 558 humanas
1618 504 1678 571 plus
1695 516 1779 577 quarn

146 590 262 646 similem
275 585 461 644 dimissio'u'cm
474 587 547 642 sedis
559 586 636 642 nubis
648 593 756 643 sanctus
768 585 827 641 Ado
842 585 868 639 in
883 598 934 640 suo
987 591 1124 652 oporteret
1146 584 1319 652 deseruisse,
1335 603 1388 642 nou
1415 589 1628 663 intelligentibus
1650 600 1778 668 q'uautum

147 681 279 737 ggwngco
293 670 399 736 erutuet
410 680 448 753 (a)
466 698 472 732 ς
489 698 499 732 ι
518 670 684 748 wilicarius,
698 693 760 736 eum
784 678 886 733 lurioso
910 680 938 731 et
986 672 1064 729 nobis
1082 686 1176 729 eorum
1192 677 1309 732 animus
1324 678 1350 733 ln
1366 680 1533 738 orationibus
1560 687 1659 755 prb'sit,
1685 700 1711 746 rt
1726 694 1777 748 rita

145 774 240 827 insano
254 775 320 828 satis
330 772 443 828 consitio
466 772 561 829 Franci
583 788 626 828 res
646 776 739 828 sacrus
754 770 935 827 Ecclesiarum
987 763 1021 818 sd
1032 768 1205 837 titinium·
1224 783 1338 839 (llllum
1351 780 1464 843 ⁰⁰tll⁰¹³
1479 774 1570 834 iidem
1583 776 1640 836 ⁰⁰3²
1654 782 1774 840 ⁵¹¹¹iffllf·

145 863 178 917 ad
192 866 255 917 usus
269 876 334 918 suus
353 870 551 930 retorquerent,
572 863 666 918 ridens
682 861 861 918 Viennensem
883 858 936 915 Ec'·

144 953 253 1010 ciceiam
277 958 352 1010 suam
377 954 532 1011 indecenter
552 954 703 1022 humiliari,
720 954 815 1010 relicto
827 957 935 1024 episco-

146 1052 219 1115 patu,
246 1046 273 1100 in
294 1045 485 1100 monasterinm
507 1045 660 1101 sanctorum
681 1048 829 1117 martyrum
845 1046 935 1118 Ag'au·

146 1136 268 1193 niensium
292 1136 439 1207 ingressus,
458 1134 541 1192 vitam
565 1137 743 1194 uenerabilem
768 1136 852 1193 duxit.
882 1138 934 1193 lla·

144 1225 214 1284 slata
229 1236 256 1282 et
269 1226 392 1296 dissipita
404 1227 548 1283 Viennensi
563 1237 590 1283 ct
601 1225 772 1297 Lugdunensi
783 1226 932 1299 pruliacia,

143 1319 244 1390 aliquot
267 1320 345 1376 annis
364 1321 423 1376 sine
447 1321 582 1393 episcopis
605 1332 716 1392 utraque
737 1318 857 1377 Ecclesia
874 1320 933 1387 luit,

142 1410 219 1467 laicis
238 1406 368 1483 sacrilege
393 1421 420 1468 et
435 1410 548 1469 barbare'
567 1427 612 1467 res
633 1426 723 1468 sacras
749 1408 934 1469 Ecclesiarmb

142 1490 364 1558 obtinentibus.»
394 1500 548 1556 wilicarius
569 1500 718 1557 Ecclesiam
747 1518 824 1559 suam
849 1504 933 1560 relin-

143 1585 212 1662 quit,
236 1592 298 1663 quia
321 1582 458 1646 devastata
473 1608 480 1657 ;
496 1599 593 1660 preter
615 1582 667 1646 hoc
688 1601 866 1661 momentum,
892 1593 933 1648 iu·

142 1683 202 1750 gaiu
217 1679 244 1735 in
259 1678 432 1735 solitudinem
445 1689 540 1735 sancto
558 1687 651 1735 nostro
662 1679 812 1737 suadebant
832 1681 935 1738 indoci-

985 852 1038 909 Sed
1048 853 1110 910 hine
1121 855 1262 925 disputare
1277 861 1383 930 tongum
1394 871 1422 917 et
1436 877 1669 935 superuacaneum
1695 884 1773 943 pnto;

986 958 1046 998 nam
1059 944 1110 1001 hoc
1123 955 1177 1001 tam
1191 949 1327 1006 excellens
1337 950 1476 1023 fastigium
1489 957 1652 1028 sanctitatis,
1665 962 1711 1019 cui
1724 980 1774 1021 nus

985 1045 1033 1092 sud
1043 1044 1139 1106 spubte
1161 1039 1313 1099 mirandum
1328 1052 1355 1100 et
1371 1044 1558 1105 honorantium
1573 1051 1690 1121 ridetur,
1715 1070 1775 1111 ora·

985 1132 1057 1188 tione·
1069 1138 1161 1189 nostia
1173 1133 1259 1190 rideri
1269 1136 1314 1207 qui
1326 1139 1431 1212 potest!
1444 1139 1560 1198 'lantum
1571 1143 1617 1200 isti
1625 1145 1774 1203 sdmonen·

985 1222 1011 1279 di
1024 1225 1149 1297 suenoni
1160 1239 1189 1280 se
1200 1226 1316 1284 inaniter
1326 1229 1441 1301 jactant,
1453 1231 1480 1288 in
1494 1242 1596 1290 tantum
1609 1236 1773 1307 processione

986 1319 1189 1386 temperantiam
1200 1318 1227 1373 el
1237 1320 1432 1378 continentiam
1442 1324 1674 1382 sartctissimorum
1686 1333 1772 1386 catbo

984 1406 1044 1490 licae
1059 1408 1121 1462 iidct
1135 1407 1348 1465 Christianorum
1361 1453 1369 1478 ,
1383 1421 1412 1468 ut
1426 1415 1613 1485 restringenda
1637 1417 1771 1476 nonnuliis

984 1505 1010 1552 ct
1025 1499 1101 1567 quasi
1113 1498 1146 1553 ad
1160 1498 1293 1557 humanos
1305 1493 1373 1558 lines
1385 1506 1534 1561 revocanda
1545 1507 1679 1575 rideatur,
1691 1525 1772 1581 usone

984 1586 1052 1643 sdco
1065 1602 1147 1657 snpra
1162 1590 1284 1645 homiues
1298 1591 1402 1649 illorum
1429 1596 1535 1652 animos
1547 1590 1677 1662 erasisse.
1693 1602 1728 1656 ab
1742 1602 1772 1657 iis'

984 1678 1064 1734 etiam
1079 1680 1175 1749 quibus
1194 1679 1221 1736 id
1236 1680 1371 1752 displicet,
1387 1685 1537 1755 judicatur.
1556 1707 1566 1741 n
1586 1689 1649 1746 lice
1661 1689 1773 1747 sancitis

145 1775 205 1829 litas
227 1774 316 1846 populi
338 1782 366 1830 et
391 1783 464 1830 certa
488 1788 550 1845 spes
564 1774 681 1830 habendi
703 1789 889 1831 successorem
904 1775 931 1831 in
985 1768 1146 1840 Augustinus
1160 1772 1325 1843 appositsad
1338 1774 1502 1833 causidicum
1510 1787 1628 1835 nosirttm
1641 1780 1771 1837 rctctlen-

142 1867 310 1936 e‘piscopatu.
326 1864 355 1921 Si
370 1865 460 1935 itaque
470 1864 497 1919 in
512 1865 646 1920 similibus
657 1864 791 1935 adjunctis
805 1865 932 1935 presenti
949 1842 1058 1921 Βιιιιιιι.

145 1958 266 2027 tempore
280 1957 424 2027 episcopus
437 1954 547 2026 aliquis,
570 1953 699 2010 abdicatis
718 1953 822 2022 inlutis,
837 1956 933 2010 solitu·
1021 1948 1065 2011 tt.
1085 1952 1160 2025 Quod
1174 1958 1197 2013 si
1212 1948 1285 2028 baec,
1308 1962 1441 2030 quatenus
1455 1977 1490 2018 cs
1505 1962 1609 2019 intimis
1635 1962 1769 2034 religionis

142 2034 233 2104 dinem
257 2046 373 2117 peteret,
397 2047 499 2118 optime
526 2046 553 2101 id
576 2056 739 2103 consonaret
757 2047 890 2116 moribus,
905 2059 933 2105 ct
984 2040 1128 2104 Catholice
1142 2048 1280 2120 principiis
1293 2043 1449 2120 desumpta,
1465 2062 1575 2123 respuat
1588 2050 1697 2110 Cathaia
1709 2069 1770 2110 cau-

143 2141 242 2197 nedum
254 2132 400 2196 cachinnos
414 2148 583 2211 provocaret,
600 2137 739 2196 hodiernis
751 2140 831 2195 ctiam
843 2139 932 2197 butiri·
984 2137 1095 2205 sidicus,
1109 2137 1240 2210 attendat,
1254 2154 1356 2211 queso.
1378 2141 1593 2198 monachismum
1610 2160 1664 2199 uon
1688 2142 1771 2200 solatri

142 2232 222 2288 riibus
236 2247 350 2289 summae
363 2228 533 2289 aediilcatioui
545 2233 685 2289 existeret.
984 2228 1076 2285 utilem
1089 2243 1160 2297 csse,
1173 2237 1201 2285 ut
1213 2234 1346 2299 precepta
1360 2235 1388 2285 et
1400 2230 1511 2287 consilia
1526 2232 1692 2304 evangelicae
1703 2238 1771 2290 sarta‘

180 2324 224 2382 ts.
245 2325 320 2407 Quod
333 2341 396 2382 tero
410 2323 520 2381 Catli'ais
529 2316 680 2382 causidicus
691 2341 772 2397 porro
782 2326 926 2384 mirahuii·
985 2333 1054 2383 tecta
1069 2338 1213 2384 serventur
1223 2334 1249 2382 et
1262 2324 1348 2381 aiiiad
1359 2326 1519 2383 sanctiorem
1531 2326 1614 2383 uitam
1627 2343 1771 2398 proroceu·

141 2403 264 2475 duodicit
273 2416 424 2489 hujusmodi
440 2404 537 2475 trientis
550 2418 763 2475 imbecillitatem
774 2417 862 2475 adbuc
870 2420 932 2491 per·
984 2422 1035 2485 tur,
1053 2416 1099 2473 sed
1113 2417 1193 2474 etiarn
1209 2412 1336 2487 prodesse
1350 2416 1495 2486 plurimum
1509 2418 1632 2474 societati
1645 2417 1728 2473 cirili.
1739 2418 1771 2475 lit

143 2521 281 2580 severare,
296 2510 382 2582 prima
398 2510 488 2567 incute
503 2504 717 2567 concludendum
732 2509 848 2578 ridetdr,
873 2514 930 2567 re'rn
983 2510 1054 2568 enim
1079 2500 1122 2566 liic
1146 2509 1441 2579 omittamusqnuutum
1467 2507 1580 2564 subsidii
1605 2510 1769 2565 contulerint

142 2599 223 2669 e'ssc,
251 2619 310 2674 quae
338 2604 395 2672 ipsa
422 2602 573 2673 trequentia
600 2596 701 2657 mutam
725 2601 931 2658 admirationem
983 2592 1046 2661 olim
1061 2601 1185 2659 monachi
1195 2597 1364 2672 agriculturae
1374 2590 1564 2670 propagandae,
1576 2600 1698 2656 scientiis
1708 2594 1770 2655 arii-
1803 2645 1810 2655 .

142 2694 215 2751 ciere
240 2710 293 2750 oon
308 2686 400 2762 salet,
420 2712 482 2753 nam
497 2712 558 2753 cum
571 2698 679 2766 semper
692 2705 719 2752 et
735 2694 832 2767 ubique
846 2695 930 2754 crsti-
983 2687 1086 2766 brrsnue
1096 2693 1306 2760 conservandis,
1328 2706 1406 2747 nemo
1427 2695 1472 2762 qut
1497 2702 1659 2762 presentem
1682 2707 1768 2747 rerum

142 2779 215 2866 ierit,
227 2786 324 2866 etipse
337 2788 447 2854 latetur,
462 2803 540 2843 error
550 2780 597 2843 ille
609 2788 637 2842 in
647 2774 845 2844 Cirristianismi
857 2782 931 2842 iudo·
983 2795 1083 2840 statum
1098 2778 1202 2840 attento
1215 2783 1294 2839 oc'ulu
1309 2782 1439 2850 intuetur,
1456 2771 1628 2847 diffitebitur,
1655 2783 1698 2838 ‘rel
1722 2796 1766 2837 no·

141 2873 192 2929 lem
219 2874 402 2931 retundendus
431 2886 483 2932 est.
509 2875 652 2941 Quomodo
668 2878 751 2945 porro
777 2876 932 2932 causidicus
983 2876 1149 2932 strosssaecnlo
1163 2875 1308 2943 optandum
1323 2888 1396 2941 esse,
1411 2878 1439 2927 ut
1450 2874 1538 2942 piures
1552 2872 1661 2942 sintqni
1675 2872 1770 2928 sarlitu·

141 2972 233 3043 nustet
248 2974 300 3020 tam
316 2964 496 3035 peremptorie
519 2967 647 3021 damnare
661 2980 709 3021 sua
734 2967 828 3035 privati
845 2966 931 3021 bomi-
982 2968 1073 3024 dinem
1089 2976 1236 3024 sectentur.
1256 2956 1294 3023 'ea
1308 2967 1380 3023 euim
1396 2975 1438 3021 cst
1452 2976 1597 3035 terrnpnrum
1612 2975 1770 3020 nostrorum

141 3056 182 3111 uis
196 3059 356 3113 auctoritate
370 3059 468 3126 audet,
481 3044 552 3129 qnod
570 3058 733 3115 seculorum
746 3061 866 3114 omnium
883 3059 929 3129 ju·
982 3057 1112 3122 conditio,
1128 3067 1156 3110 ut
1170 3071 1265 3112 onmes
1278 3057 1375 3122 lerme,
1392 3055 1437 3124 nui
1451 3055 1526 3112 modu
1540 3052 1639 3125 aliquid
1656 3040 1768 3111 littera-

138 3130 210 3204 titcio
232 3150 441 3219 comprobaturi
467 3146 681 3205 Admirationem
705 3150 794 3219 itaque
822 3148 930 3206 mentiri
985 3164 1044 3202 rum
1071 3136 1270 3214 addidicerint,
1300 3147 1334 3202 ad
1357 3147 1447 3202 omnia
1466 3154 1541 3202 natos
1561 3160 1592 3202 sc
1616 3144 1771 3203 cssciacile

139 3220 268 3295 dicendus
290 3239 507 3311 estcausidicus,
530 3249 559 3295 ut
576 3240 684 3312 oblique
698 3242 793 3295 saltem
819 3246 931 3312 carpere
984 3236 1154 3304 esistitnem;
1178 3234 1243 3291 anihil
1258 3236 1326 3293 adeo
1336 3237 1474 3294 excelsum
1486 3244 1532 3294 aut
1544 3236 1682 3304 arduum,
1702 3228 1770 3308 quod

141 3339 232 3397 posset
255 3328 302 3386 illa
327 3330 457 3386 Ecclesiae
472 3330 604 3399 instituta,
620 3348 680 3402 quac
694 3332 809 3389 urationi
822 3337 850 3388 ct
865 3347 931 3389 con·
980 3344 1010 3385 sc
1020 3336 1212 3385 consecuturus
1226 3327 1278 3384 leri
1296 3344 1377 3385 trians
1390 3342 1443 3384 nou
1463 3338 1583 3398 sperent.
1600 3318 1690 3385 Unum
1704 3344 1770 3397 seps

140 3423 309 3503 temptationi
321 3425 456 3495 praecipue
469 3424 577 3492 ιιιιιοιι,
592 3427 711 3482 maxime
727 3426 930 3497 impetebantur
980 3420 1081 3499 obstat,
1103 3417 1246 3490 quominus
1256 3432 1379 3488 scopum,
1392 3418 1586 3507 ardentissimis
1612 3421 1682 3475 rotis
1695 3433 1769 3489 espe-

139 3516 186 3591 iila
199 3525 360 3585 tempestate
375 3518 458 3588 (annu
474 3516 557 3586 1785)
570 3557 579 3585 ,
594 3533 644 3586 qua
658 3527 752 3575 unctus
764 3534 840 3574 stram
872 3520 930 3577 nis.
982 3511 1068 3577 titum,
1082 3506 1224 3581 sillingum,
1237 3520 1313 3565 curta
1327 3506 1430 3566 scilicet
1452 3525 1495 3566 res
1509 3508 1652 3565 lamiliaris
1662 3520 1708 3565 aut
1719 3525 1769 3566 sere

138 3603 233 3660 teriam
246 3593 423 3661 Cadurcensis
439 3606 499 3677 pagi
514 3608 698 3685 coracinnauit.
723 3607 790 3664 ilinc
801 3592 868 3664 dicit
882 3625 930 3664 na-
980 3602 1068 3659 slietto
1081 3612 1210 3673 stavela,
1226 3617 1286 3673 ttuae
1298 3616 1407 3660 tttttttetn
1426 3603 1528 3660 aditum
1543 3603 1578 3659 ad
1594 3604 1713 3661 honines
1726 3619 1769 3658 ro·

139 3706 225 3751 turam
246 3707 326 3769 atquc
351 3696 418 3752 adeo
440 3697 633 3753 humanitatem
653 3713 700 3769 spe
722 3713 771 3754 sua
794 3697 927 3768 irustrari,
980 3697 1272 3769 luptatesqucclaudit.
1300 3697 1693 3770 liiucuihilnouescogitant,
1707 3697 1768 3753 nihii

136 3787 243 3857 quando
258 3787 319 3858 quis
330 3789 356 3843 iu
373 3788 469 3859 placita
482 3789 581 3856 stttdia,
605 3790 760 3859 reipublicae
774 3791 863 3847 nritms
878 3791 929 3849 uti-
980 3807 1033 3848 non
1044 3793 1199 3858 moliuntur,
1212 3800 1241 3846 ut
1253 3790 1356 3848 divitiis
1372 3791 1479 3847 mundum
1490 3793 1648 3860 potiantur;
1664 3792 1767 3860 adunas

137 3877 184 3945 lia,
197 3862 339 3937 incumbit.
352 3879 455 3947 Quibus
465 3880 553 3936 serbis
566 3881 687 3951 indigitat
699 3884 853 3937 rrtuttastiec
866 3883 929 3939 ritu
979 3880 1154 3951 acutrircndas
1179 3881 1252 3939 uutia
1278 3880 1323 3936 ria
1336 3880 1464 3948 facilior,
1489 3894 1570 3950 quam
1596 3881 1622 3935 si
1633 3908 1651 3948 ,·
1669 3881 1767 3935 turbata

139 3968 283 4035 studiosos,
298 3984 366 4040 quos
387 3969 490 4026 initulis
511 3970 591 4026 rcbus
611 3970 717 4028 deditos
743 3971 836 4041 lingit,
851 3972 928 4042 quasi
982 3970 1767 4045 republica,alieuaslortnnasnullonegotiuinraderepos

138 4058 220 4113 litam
232 4059 346 4116 urationi
359 4061 493 4116 coratinute
509 4060 665 4129 impeuderc
680 4071 708 4118 et
721 4077 821 4132 corpus
834 4072 927 4119 austs·
982 4064 1047 4122 sint.
1057 4054 1288 4123 inhiantaliorum
1298 4066 1599 4138 opibus,qussabsque
1610 4062 1767 4116 iaboresuas

138 4150 262 4207 sitatibus
273 4160 405 4216 ίιιθιθῐθ»
418 4150 513 4207 ftit⁰¹²
526 4159 629 4206 esseut.
643 4152 693 4217 Qut
710 4166 775 4206 lew
799 4150 926 4222 primaria
983 4158 1072 4215 lacere
1085 4159 1208 4229 cupiunt.
1220 4171 1245 4214 et
1262 4146 1390 4214 urrruibus
1399 4156 1487 4213 modis
1495 4153 1648 4210 corradere
1658 4157 1765 4209 tentant.

137 4241 265 4311 principia
276 4242 411 4311 religionis
420 4242 578 4298 Christianae
589 4245 629 4299 net
641 4243 752 4299 summis
763 4244 843 4300 labris
855 4245 926 4299 dcli·
978 4232 1036 4304 jann
1049 4250 1110 4319 quis
1123 4261 1178 4303 nun
1193 4245 1293 4315 liquide
1315 4231 1421 4311 rideat,
1435 4244 1485 4298 hac
1498 4242 1640 4312 exagitata
1663 4251 1767 4311 marpe-

136 4328 242 4397 b'a'runt,
258 4330 346 4385 sciunt
358 4334 478 4388 oratioue
503 4318 537 4388 ad
563 4334 647 4389 Deum
663 4320 710 4390 uiti
723 4348 766 4391 rcs
782 4337 923 4402 irumuuas,
978 4351 1059 4406 state,
1072 4339 1173 4409 optime
1189 4336 1341 4394 consultum
1361 4334 1395 4390 iri
1411 4334 1469 4405 psci
1491 4342 1520 4414 ct
1535 4320 1621 4403 quieti
1644 4330 1766 4389 unimus.

136 4435 164 4483 et
176 4425 286 4496 proinde
300 4426 364 4481 utile
377 4440 438 4481 csse
449 4437 505 4482 tum
519 4428 642 4497 singulis,
658 4437 713 4484 tum
725 4429 858 4486 unitcrsae
873 4430 927 4484 rci-
978 4433 999 4487 si
1014 4438 1105 4486 essent
1115 4427 1295 4492 tsrunastcria,
1310 4426 1344 4480 ad
1354 4440 1413 4495 quc
1434 4436 1601 4479 concurrere
1617 4432 1709 4493 posset
1726 4420 1763 4489 jn

136 4517 259 4587 publicae,
280 4516 535 4589 utsintsemperqui
556 4530 627 4573 crem
645 4520 752 4574 institui
766 4520 822 4575 ioco
836 4521 924 4576 leuon-
940 4532 967 4608 ι)
982 4533 1088 4588 neritus,
1102 4522 1153 4577 sibi
1167 4516 1387 4590 gravinianum
1401 4514 1538 4580 indecora,
1563 4511 1691 4569 societati
1711 4510 1767 4565 ussi-

51 4602 58 4616 ’“
135 4620 172 4666 tes
182 4625 259 4677 purus
273 4624 362 4663 martes
373 4605 464 4680 (snm
475 4616 629 4665 ttertnntttr
639 4609 743 4680 ttagetta
758 4610 925 4678 iraediniuar,
979 4630 1062 4671 uersae
1079 4613 1195 4669 intestai
1211 4611 1379 4666 blacernreut
1394 4596 1561 4673 illiccorpus
1577 4601 1765 4673 suumlnedis,

135 4713 162 4759 et
173 4704 252 4773 justis
278 4703 487 4772 perseverantia,
503 4703 689 4774 peccatoribus
711 4718 818 4758 morunt
831 4717 926 4759 emen·
978 4704 1085 4775 uigiliis,
1110 4701 1252 4773 stupeudis
1266 4699 1350 4755 etiam
1376 4696 1604 4759 austeritatibus;
1619 4690 1768 4755 autetiam,

135 4796 207 4851 detio
220 4794 391 4851 concedatur.
409 4794 482 4850 lianc
494 4805 566 4852 certe
576 4796 800 4851 anachoretarum
821 4795 925 4852 utilita-
976 4797 998 4852 si
1016 4797 1052 4852 ite
1066 4795 1149 4860 lubet,
1168 4792 1282 4862 ignavie
1293 4789 1395 4855 dediti,
1410 4787 1535 4843 luderent
1548 4782 1769 4855 anagrattamatis.

136 4899 190 4942 tem
210 4889 320 4958 agnouit
341 4900 450 4946 sanctus
463 4889 629 4959 Augustinus
644 4888 712 4944 libro
728 4905 737 4945 ι
751 4889 784 4944 de
805 4887 925 4943 iluribus
976 4884 1245 4955 cirronogrnrnmatis,
1261 4893 1305 4936 aut
1314 4881 1375 4937 aliis
1388 4879 1413 4935 id
1427 4891 1513 4948 genus
1528 4874 1689 4945 crepundiis
1703 4873 1771 4929 litte·

136 4978 263 5037 Ecclesiae
282 4981 444 5049 Gaetulice,
458 4997 519 5053 cap.
533 4982 566 5037 nt
584 4982 620 5053 (c)
639 5001 645 5036 :
671 4982 768 5038 ‹Nitril
781 4981 815 5037 de
829 4981 862 5038 iis
882 4982 925 5037 di·
977 4980 1052 5035 rnriis
1070 4978 1142 5047 :jam
1153 4984 1227 5033 certe
1240 4973 1356 5030 urasiruu
1367 4970 1522 5042 reipublice
1535 4969 1682 5039 utriusque
1693 4980 1770 5022 curo·

135 5085 240 5136 cam,·...
254 5071 300 5141 qui
314 5073 487 5130 secretissimi
512 5073 617 5143 pertitus
643 5074 678 5127 ab
690 5076 763 5128 ornatui
785 5075 924 5145 bantinum
977 5073 1095 5127 tutncuto
1106 5069 1274 5138 quiescerent
1288 5061 1563 5134 ipst,alinsquecines
1574 5055 1772 5127 tranquillitate

134 5173 290 5232 conspectu,
307 5180 377 5231 pauc
399 5164 469 5229 sulo,
483 5165 529 5232 qui
551 5164 591 5219 eis
614 5179 661 5233 per
685 5178 758 5221 certa
783 5165 924 5221 interualla
976 5163 1074 5235 pertrui
1086 5169 1256 5231 paterentur:
1270 5171 1325 5211 uuo
1336 5155 1544 5210 rerbnsmmuae
1555 5149 1687 5205 utilitatis
1700 5151 1773 5202 osset

136 5264 286 5323 temporum
301 5255 423 5321 aticrtur,
449 5267 476 5311 et
489 5270 557 5323 aqua
570 5258 700 5322 contenti,
726 5259 924 5315 desertissimas
976 5273 1025 5310 nou
1035 5254 1161 5308 inuenisse.
1172 5251 1224 5305 Tot
1233 5249 1356 5305 ridemus
1365 5245 1443 5302 lindie
1454 5243 1601 5313 impictatis
1609 5242 1772 5311 coryphaess

135 5354 220 5402 terras
234 5345 366 5410 incolunt,
392 5344 558 5415 pertrneutcs
581 5347 717 5416 cottonuto
743 5348 801 5414 liei,
816 5350 860 5405 cui
877 5365 924 5418 pu·
975 5347 1079 5403 civibus
1104 5346 1160 5400 suis
1186 5341 1376 5412 persticicmet
1395 5336 1506 5394 esitium
1532 5334 1706 5398 minitantes,
1731 5330 1773 5401 qui

136 5436 172 5490 ris
185 5435 320 5492 mentibus
334 5436 509 5508 inhaeserunt,
523 5446 549 5492 et
563 5439 622 5509 ejus
635 5440 843 5509 pulchritudiuis
858 5457 924 5496 cun·
976 5437 1167 5508 restipubiicum
1197 5441 1305 5498 texam,
1337 5431 1602 5494 turbant,cs·ertcre
1626 5432 1772 5486 coutantur,

136 5531 308 5599 temptatione
317 5528 475 5594 beatissimi,
486 5535 545 5599 quasi
554 5531 605 5586 nisi
623 5541 776 5586 sarneturunr
788 5532 924 5587 intellectu
975 5531 1019 5599 ιμιι
1036 5530 1058 5583 si
1081 5535 1174 5582 essent
1187 5523 1323 5586 nruuaciti,
1341 5520 1495 5583 innocuam,
1522 5515 1631 5571 contrusi
1648 5511 1774 5570 tortassis

135 5624 235 5693 percipi
248 5639 301 5679 nou
316 5630 415 5691 potest.
441 5621 521 5688 tttbit,
548 5624 667 5693 iouuatn,
691 5622 726 5678 de
748 5622 790 5679 iris
805 5623 900 5694 loquar
915 5640 921 5675 z
976 5620 1094 5674 itmtitcm
1111 5619 1190 5672 sitam
1202 5616 1332 5671 ducerent
1347 5614 1398 5683 td).
1424 5612 1499 5666 hdeu
1513 5616 1608 5664 t'csttm
1623 5614 1667 5663 est
1681 5607 1776 5676 (liceat

1012 5731 1047 5797 (cl
1064 5730 1094 5783 T.
1111 5728 1183 5798 lltp.
1200 5744 1225 5796 p.
1240 5726 1303 5782 tlt.
1325 5726 1397 5782 nuit.
1415 5722 1500 5777 iuris.
1515 5732 1683 5775 suscensus.

183 5733 211 5799 a)
224 5733 310 5788 icrtr.
323 5736 441 5790 llonum.
454 5734 522 5794 tttst.
535 5736 627 5793 Gerru.
639 5744 659 5790 t.
674 5736 707 5807 ιι,
720 5750 747 5806 p.
758 5735 820 5791 519,
1161 5803 1165 5807 Δ
1405 5797 1409 5805 ι

1012 5802 1051 5872 td)
1067 5801 1103 5860 be
1116 5800 1233 5870 biarstre,
1245 5797 1281 5855 du
1296 5798 1377 5869 rape,
1394 5795 1441 5852 ιιι.
1454 5792 1506 5859 ut,
1526 5805 1588 5853 cap.
1607 5802 1648 5844 st.

183 5800 210 5871 ιι)
224 5800 313 5859 ιΤιιιι.
328 5820 365 5872 ιι,
379 5804 408 5861 8.
