3810 6114
130 218 191 281 saa
596 212 641 283 ola
660 212 898 286 mmmurtorts
916 214 1111 289 csittuttcs
1132 222 1314 293 mutuatis.
1715 240 1767 304 rte

454 344 607 394 incoasse.
942 343 966 402 A
980 341 1072 398 dicari.
1086 342 1114 400 Si
1133 347 1179 415 qiti
1192 355 1258 402 totu
1271 345 1446 405 ecclesiastici
1462 350 1563 408 crimin
1577 342 1684 424 otiqood
1698 357 1768 416 litter

171 423 318 482 flldisterls
332 427 397 479 toro
414 433 484 492 quse,
500 430 628 498 usurpato
644 429 751 485 nemius
766 430 926 500 sacerdotis,
982 432 1062 487 isicns
1084 426 1316 503 perpetraverint,
1342 434 1532 503 homicidium,
1547 438 1589 495 ccl
1614 430 1767 501 lo'roicatio·

131 527 190 575 sam
203 517 310 570 diestus
331 515 470 583 lqsrorante
492 519 590 585 populu
603 520 715 589 peregit,
736 520 847 574 minimo
870 526 928 575 cie
982 538 1055 588 nem,
1068 525 1107 578 rel
1122 524 1220 579 isrrturn
1233 527 1423 601 agentesilos
1444 527 1543 596 placuit
1565 526 1769 590 'soecularibus
1790 557 1792 561 ⁴

130 611 226 666 Moe
239 607 405 678 abjiciendo,
422 620 484 661 nem
498 610 569 664 reale
592 609 662 664 bona
677 609 852 665 ministrando
871 609 929 680 ipso
980 615 1006 669 in
1022 629 1088 682 quos
1102 623 1279 683 peccauerunt
1293 615 1448 672 omnimodo
1460 621 1602 686 occupari,
1618 620 1668 674 nisi
1680 621 1769 678 animo

130 701 186 758 sibi
210 712 284 764 rens,
310 698 370 752 aliis
394 713 447 751 non
472 700 572 755 nocuit.
595 699 697 754 Scicnil
721 705 810 754 sutem
833 706 929 755 caesai
981 705 1059 759 iuerlt
1072 701 1199 761 Ecclesia
1213 720 1261 774 pro
1277 707 1372 761 talibus
1388 704 1551 763 satisfacere.
1567 702 1638 764 iaici
1651 714 1714 765 tero
1724 714 1769 782 qui

132 791 250 848 minime
262 788 398 854 detersas,
418 788 503 856 etqui
530 795 618 842 tamen
634 790 763 857 particeps
785 789 871 844 tactus
887 799 930 846 est
981 795 1107 862 sacrilega
1117 809 1146 851 se
1156 797 1315 866 contagione
1324 798 1480 854 miscuerint
1494 799 1597 865 relatio,
1610 812 1662 855 non
1674 801 1769 857 eodem

132 880 269 944 mnam,
298 877 434 949 quomedo
462 879 587 933 tribuitur
610 880 635 934 el
662 880 792 949 sestertio
817 894 877 952 que
901 881 928 937 ln
981 883 1061 939 raudo
1076 885 1118 940 les
1133 898 1186 954 quo
1200 887 1305 954 publica
1323 885 1480 943 fornicarius
1501 890 1588 958 puniri
1604 892 1759 957 percensuit

134 973 216 1028 &ato
231 976 285 1024 non
301 977 370 1034 erat,
389 975 495 1038 *quiam
519 962 577 1038 lpse
600 970 723 1039 accipere
744 978 832 1038 potest
855 971 930 1026 dam·
981 974 1027 1028 sed
1048 973 1180 1043 duplicata
1208 976 1315 1044 triginta
1341 975 1468 1033 siclorum
1491 980 1602 1048 poeonii
1619 996 1626 1035 :
1646 980 1699 1036 ltoc
1713 983 1756 1037 est

135 1065 285 1126 maionem,
301 1062 393 1130 utiqtse
410 1059 455 1130 qul
471 1072 520 1128 per
541 1061 611 1128 quod
625 1061 719 1115 babuit
733 1068 781 1130 per
794 1072 873 1131 mara
887 1060 929 1116 ui·
980 1065 1118 1131 sexaginta
1140 1072 1283 1134 seqentcos
1300 1063 1423 1120 uolumus
1440 1068 1505 1120 dare
1519 1058 1648 1123 Ecclesiae
1664 1064 1755 1124 nouttt

135 1154 196 1211 ocis
210 1151 298 1217 dedit,
315 1159 345 1205 ut
366 1150 425 1218 eius
444 1151 576 1219 particeps
596 1151 711 1205 similem
734 1152 861 1207 sortiatur
883 1164 931 1207 ex·
982 1163 1097 1208 rantes:
1122 1155 1183 1223 quia
1208 1168 1302 1223 grates
1328 1167 1416 1210 musae
1438 1158 1577 1227 puriores
1598 1169 1626 1216 et
1651 1159 1764 1217 acriore

139 1243 393 1303 communicationis
413 1242 585 1299 sententiam.
602 1243 719 1300 sedisse
743 1245 776 1300 de
797 1245 930 1315 baptismo
982 1250 1106 1314 quarunt
1121 1258 1210 1299 curas.

139 1337 224 1406 accipi
241 1336 283 1391 tes
298 1346 350 1388 nnn
364 1343 417 1397 est,
435 1334 505 1402 quoti
517 1333 610 1389 iterari
630 1344 683 1390 non
696 1335 794 1391 ocbeat
807 1353 813 1389 :
828 1335 928 1406 reliqua
1246 1333 1292 1389 lii.
1313 1348 1519 1395 arraonucsrro.

138 1440 204 1482 reru
221 1425 372 1483 ministeria
387 1423 585 1495 perindignum
602 1425 672 1491 data,
695 1426 783 1483 tainus
798 1424 874 1482 dama
888 1427 930 1481 ri·
1017 1424 1049 1478 Si
1069 1423 1266 1492 pecsrritmndonr
1288 1434 1324 1480 est
1344 1428 1517 1499 presbyteris,
1543 1430 1596 1485 siro
1618 1430 1767 1502 peripsima,

138 1516 247 1572 dmitos.
981 1516 1033 1567 siae
1066 1513 1146 1566 »rostri
1166 1515 1286 1589 pencris,
1303 1517 1401 1582 passim
1427 1520 1573 1574 ministrare
1595 1519 1689 1590 aisque
1711 1528 1772 1576 estr-

397 1603 440 1658 Vl.
456 1616 660 1660 tarsonocsrto.
981 1601 1087 1656 scientia
1100 1602 1210 1671 episcopi
1218 1602 1282 1667 ioci,
1294 1603 1321 1658 ln
1331 1607 1405 1673 caios
1415 1607 1515 1662 dioecesi
1529 1610 1621 1662 iterant
1635 1610 1770 1664 demorati·

178 1694 326 1764 Presbyter,
335 1693 471 1758 moestus,
487 1695 542 1748 siue
554 1703 618 1749 num
631 1697 724 1766 prioris
736 1696 776 1750 sut
787 1697 931 1753 transiliens
946 1692 1035 1759 Broc,
1052 1694 1161 1747 maxime
1172 1694 1218 1746 sttb
1232 1694 1313 1760 laicis,
1333 1703 1457 1765 assqtsorit
1470 1699 1582 1765 stubiics,
1594 1714 1639 1754 stes
1649 1699 1713 1767 ioco,
1726 1710 1771 1756 ass

138 1786 166 1842 ts
180 1786 244 1851 alis,
256 1787 280 1841 si
292 1787 365 1840 liceat
380 1785 481 1840 diecesi
493 1788 658 1842 ministrare?
982 1786 1135 1840 auctoritaie
1150 1786 1291 1855 pontificali
1300 1788 1421 1856 princibus
1430 1791 1544 1860 [induti.

465 1890 617 1932 esseonsto.
1299 1894 1451 1936 nescoustu.

178 1967 347 2022 memorem
375 1981 437 2022 reru
465 1970 580 2038 proprie
609 1967 734 2023 Ecclesiae
761 1969 932 2026 interdictum
1019 1970 1192 2042 ireslrytcros
1212 1971 1390 2042 peregrimus,
1412 1969 1454 2025 sci
1476 1969 1599 2025 absolate
1622 1967 1769 2036 ordinatos,

140 2060 271 2121 hebernus
292 2062 317 2114 in
344 2059 395 2113 slis
413 2060 581 2125 ministrare3
600 2060 794 2117 ministrantem
814 2070 879 2117 sero
893 2063 933 2118 ts·
981 2058 1040 2115 sino
1051 2060 1148 2116 litteris
1163 2061 1389 2116 commendatitiis
1399 2061 1599 2116 circumeuntes
1620 2058 1771 2130 provinciae

140 2153 231 2206 lisera
255 2164 305 2207 suu
327 2151 478 2207 submoneri
508 2151 607 2220 allucio,
634 2152 719 2209 onme
744 2154 932 2211 reconcilietur
983 2163 1176 2220 nusquameos
1190 2150 1378 2206 administrare
1393 2150 1518 2219 patimur,
1541 2149 1584 2204 aei
1602 2155 1770 2205 sacramenta

141 2241 270 2299 Ecclesim
284 2255 350 2297 sne.
688 2251 692 2259 ·
983 2242 1090 2297 tradere
1101 2242 1203 2312 absque
1223 2241 1388 2297 conscientia
1409 2240 1531 2310 episcopi
1545 2239 1608 2295 loci.
1628 2240 1694 2306 Quae
1707 2251 1771 2295 vero

402 2333 457 2390 tit.
477 2344 684 2390 terminatam.
983 2335 1131 2387 necessaris
1156 2341 1217 2386 sunt
1231 2332 1331 2402 plicuit
1346 2343 1394 2387 eos
1407 2330 1594 2386 administrare
1609 2346 1617 2383 ε
1640 2329 1674 2384 sd
1688 2329 1768 2383 miul-

179 2424 210 2480 si
227 2424 285 2494 quis
302 2426 476 2495 cujuscunque
492 2426 624 2495 diqtciidlis
635 2429 795 2494 maasiuqam
810 2426 931 2479 clericum
982 2424 1062 2477 steria
1077 2430 1166 2476 tamett
1190 2427 1330 2476 sacrorum
1351 2419 1418 2476 tales
1437 2421 1563 2475 noidmtm
1576 2417 1692 2485 admitti,
1712 2417 1771 2473 litte

141 2512 180 2567 cel
195 2512 349 2566 manatione
371 2512 436 2566 insu
456 2513 569 2583 irrrprobo
583 2512 629 2567 sub
645 2529 672 2566 re
694 2513 784 2568 bolom
804 2520 930 2583 pressor-
982 2510 1075 2582 grandi
1091 2510 1265 2567 discretione.

140 2606 242 2676 ματίῃ·
257 2605 361 2674 osiride
374 2604 426 2670 bis,
441 2605 595 2669 ciumssirni,
610 2605 771 2660 demeritis!
1243 2603 1277 2657 x.
1298 2612 1500 2658 sntsoaootato.

463 2706 613 2750 sessonsto.
1017 2695 1049 2751 st
1062 2695 1119 2766 quis
1140 2697 1220 2767 frater
1233 2694 1272 2749 oei
1281 2707 1355 2748 roror
1368 2692 1455 2759 otique
1469 2693 1503 2743 oo
1523 2705 1550 2744 se
1565 2687 1728 2757 padnensis,
1743 2694 1777 2739 sc

177 2784 305 2854 Quisquis
318 2799 381 2840 sero
395 2783 506 2840 lratrurn
522 2797 614 2841 contra
630 2787 772 2842 interdicta
792 2786 931 2844 uenerabi-
981 2787 1100 2852 cemimus,
1122 2800 1172 2842 non
1191 2788 1228 2840 itu
1248 2785 1349 2852 repetit,
1366 2791 1393 2835 ut
1403 2779 1580 2853 judicantibus
1595 2773 1772 2830 Ecclesinrum

143 2873 207 2931 lium
234 2889 367 2930 canonum
388 2875 550 2947 transfugam
565 2878 691 2931 clericum
708 2878 748 2932 tel
768 2879 929 2933 monachum
982 2877 1134 2946 presulibus
1149 2875 1290 2946 eipccificc
1302 2874 1479 2935 restituantur,
1500 2868 1544 2922 sed
1554 2875 1697 2932 contempto
1709 2878 1770 2936 pro·

141 2969 203 3022 sina
215 2967 312 3023 litteris
324 2967 441 3036 pacincis
453 2968 620 3038 sussceperit,
635 2978 663 3024 et
676 2978 824 3023 conuentus
838 2969 865 3024 in
880 2968 930 3024 hac
981 2967 1038 3038 prio
1053 2968 1171 3037 episcopo
1184 2964 1394 3020 irrationabiliter
1407 2970 1418 3000 ⁸
1433 2975 1517 3013 rerum
1531 2967 1649 3030 properos
1660 2954 1771 3013 obtinere

143 3056 321 3113 obstinatione
336 3058 529 3129 perduraverit,
544 3058 639 3113 reddat
649 3059 719 3128 quud
736 3067 864 3113 statutum
875 3068 926 3129 est,
941 3039 967 3103 c
981 3074 1012 3114 es
1024 3059 1142 3129 quesibi
1153 3059 1226 3129 justo
1242 3057 1280 3111 oei
1294 3056 1389 3127 injuste
1402 3053 1512 3106 uindicat
1535 3067 1545 3105 .·
1571 3050 1633 3120 quid
1655 3048 1689 3101 ad
1715 3049 1771 3102 bar

142 3147 251 3216 triginta
270 3146 377 3216 qttidcrn
403 3149 503 3212 siclus,
529 3149 682 3218 quindecim
707 3156 773 3203 roro
801 3151 929 3219 episcopo
980 3150 1091 3204 dicitis?

142 3237 205 3303 loci,
226 3239 378 3308 mirrdccim
400 3238 490 3294 abluti
512 3238 588 3307 cujus
604 3241 764 3293 munacluum
785 3239 843 3293 sinc
863 3246 928 3294 nutu

144 3329 241 3397 prioris
262 3330 303 3385 sui
322 3324 498 3399 susceperam
523 3339 552 3384 ct
574 3330 715 3400 fugitiuum
739 3328 929 3393 diminuerat
1018 3334 1174 3402 Quicunque
1188 3332 1269 3387 irater
1284 3331 1324 3385 rei
1339 3323 1415 3385 ssirur
1428 3342 1484 3384 rem
1500 3326 1614 3398 aliquam
1630 3323 1664 3380 sd
1678 3339 1707 3380 se
1722 3325 1771 3398 (ut

1301 3249 1451 3296 meseonem.

143 3421 257 3490 arupiius
287 3421 531 3477 excommunicatus
564 3421 736 3490 periclitetur.
771 3419 929 3488 Quicunque
981 3424 1105 3491 estimat)
1119 3422 1294 3489 pertinentem
1310 3434 1362 3474 non
1379 3419 1416 3473 ita
1430 3418 1582 3487 repetimus
1590 3414 1770 3486 judicantibus

140 3525 205 3567 '⁶f0
226 3530 259 3568 ⁰¹
275 3513 350 3568 ¹³⁵0ss
372 3514 416 3583 qui
432 3513 602 3568 ¹¹¹⁰¹¹³⁸¹⁰fii³
626 3527 742 3582 llraeesse
771 3520 926 3577 ⁰⁰⁸⁰¹1¹¹l¹¹ro
982 3516 1158 3572 Ecclesiarum
1172 3511 1365 3575 sanctitatibus,
1376 3510 1428 3592 scd
1438 3525 1484 3580 pcc
1497 3518 1600 3565 exteras
1614 3514 1768 3576 potestates,

139 3601 230 3658 taliter
247 3603 364 3673 aliquem
378 3601 412 3657 ad
432 3617 462 3657 sc
478 3603 586 3657 minime
610 3602 785 3670 pertinentem
800 3614 928 3670 suscepe-
981 3606 1035 3661 rim
1050 3605 1149 3660 iaciens
1161 3604 1289 3667 obtineat,
1301 3601 1382 3657 etism
1398 3600 1449 3655 ltoc
1463 3598 1533 3668 quud
1548 3598 1678 3653 siolentus
1692 3595 1772 3651 evicit

138 3692 296 3758 stereodris
310 3691 426 3746 debitum
442 3701 579 3756 statutum,
593 3694 647 3761 resi
660 3693 768 3762 quidem
783 3693 876 3747 mecm
888 3691 927 3747 bi·
979 3697 1089 3753 omnino
1100 3692 1201 3763 perdat,
1213 3702 1258 3747 aut
1268 3693 1302 3745 ab
1312 3689 1430 3747 Ecclesia
1439 3688 1601 3758 expellatur.
1614 3689 1668 3741 ileo
1681 3696 1770 3738 tamea

138 3783 214 3844 clus,
228 3782 320 3835 decem
335 3795 398 3836 uero
412 3784 500 3838 abbati
514 3782 590 3852 casius
602 3782 782 3838 domesticum
792 3783 850 3838 sine
864 3797 928 3838 con·
978 3786 1110 3842 Ecclesiae
1124 3799 1179 3839 suae
1192 3781 1374 3852 prejudicium
1385 3780 1546 3848 imponimus
1559 3794 1567 3830 r
1578 3776 1625 3832 scd
1641 3781 1701 3843 post
1712 3774 1770 3829 obl·

139 3886 224 3926 sensu
240 3871 367 3926 Ecclesiae
384 3874 770 3936 susceperat2etdesettorcnt
784 3873 926 3944 relinquat,
979 3887 1035 3932 tunt
1059 3874 1275 3930 anathematizati
1299 3873 1409 3943 integris
1430 3870 1554 3926 ornatibus
1575 3867 1601 3922 in
1626 3875 1696 3922 statu
1718 3879 1770 3921 suc

138 3961 503 4017 auttarutamariisucreddat
522 3964 673 4032 pecuniam,
687 3972 812 4032 quantam
826 3973 928 4022 etanta
979 3966 1149 4022 manentibus
1176 3964 1346 4034 partibusque
1370 3965 1396 4017 in
1422 3962 1510 4016 medio
1532 3958 1681 4022 collocatis,
1705 3956 1768 4027 quio

139 4051 247 4110 dedisse
273 4054 455 4123 coqrtnscitur.
483 4053 541 4109 iarn
565 4064 657 4124 postea
683 4055 927 4111 excommunicetur
981 4057 1134 4126 antiquitas,
1149 4064 1196 4110 aut
1210 4056 1309 4110 ceritas
1323 4052 1431 4116 babeat,
1445 4050 1586 4118 diligenter
1601 4047 1768 4118 requiraturr

140 4159 224 4215 usque
246 4144 280 4200 ad
295 4144 515 4211 satisfactionem,
537 4155 670 4214 quatenus
688 4147 813 4203 obstinati
827 4150 927 4218 quique
978 4152 1059 4206 etsie
1073 4147 1259 4203 dimittentium
1274 4154 1317 4200 est
1329 4145 1428 4212 indicio
1442 4143 1638 4212 episcoporum.

141 4235 184 4304 qui
199 4235 282 4291 Mans
297 4235 407 4291 minime
426 4235 549 4291 timentes
577 4251 718 4292 consuram
742 4242 927 4296 exeommuni·
1238 4228 1284 4290 m.
1303 4247 1506 4290 rnrenaocsrto.

140 4321 249 4378 cadonio
268 4324 377 4378 omnino
390 4333 536 4392 spernunt,
558 4325 653 4379 saltem
678 4325 825 4382 amissione
837 4342 926 4382 rerum
1017 4328 1084 4396 Quid
1098 4330 1132 4382 ud
1145 4328 1200 4382 icc
1214 4326 1313 4390 dicitis,
1330 4326 1448 4395 queniam
1462 4322 1563 4391 quidem
1576 4320 1693 4377 nonnulii
1706 4335 1767 4392 prs·

140 4428 245 4469 suarum
262 4429 293 4471 es
309 4425 384 4485 parte
391 4417 507 4470 damnati
519 4418 627 4471 sninimc
639 4427 804 4484 presumant
818 4420 926 4475 statutis
941 4382 967 4443 D
981 4421 1039 4487 pria
1054 4418 1173 4472 babentes
1188 4418 1352 4482 monasteris,
1367 4418 1404 4470 itu
1417 4431 1448 4470 cu
1461 4415 1604 4469 inconsulte
1617 4414 1768 4483 dispensat,

140 4506 282 4560 contraria.
307 4507 369 4561 ileo
385 4515 477 4562 autem
495 4507 617 4564 delinitio
632 4518 739 4563 manem
757 4522 820 4577 erpa
835 4524 928 4565 muna-

140 4596 226 4653 storis·
234 4597 377 4669 vispinum,
395 4613 455 4667 qne
471 4599 521 4653 sub
539 4600 628 4667 regula
640 4613 700 4655 esse
715 4600 870 4668 probantur.

379 4689 443 4745 itti.
465 4706 666 4746 tnreencasrro.

174 4780 205 4836 Si
221 4782 279 4852 quis
300 4781 484 4835 monachorum
507 4782 632 4852 sacrilege
653 4798 680 4836 se
700 4784 850 4854 contaqionc
868 4787 928 4842 nis-

137 4873 227 4937 merit,
248 4871 358 4925 vindicta
370 4873 473 4940 quidem
486 4872 589 4926 sceleris
611 4873 625 4911 ²*
647 4873 669 4927 ri
678 4874 786 4942 pertinet
798 4875 833 4928 ud
847 4876 926 4932 laicos

136 4961 181 5030 qttt'
193 4970 252 5017 ssttt
265 4955 358 5017 eurant'
368 4962 516 5033 propinqui,
532 4978 598 5015 ntrnc
610 4964 822 5032 persequamini?

461 5067 611 5108 neseousto.

175 5140 212 5195 [lc
226 5139 267 5196 nis
278 5141 323 5210 qui
335 5142 408 5196 intra
422 5141 567 5198 Ecclesiam
579 5142 605 5198 in
619 5143 798 5211 precibusve!
814 5147 839 5201 in
856 5147 922 5202 lesi·

134 5229 185 5284 bus
197 5231 349 5286 commissis
362 5230 530 5301 delinquunt,
546 5233 612 5288 niiut
628 5233 750 5290 uindicta
766 5237 878 5305 pertinet
888 5237 921 5294 ad

132 5332 183 5373 eos
207 5320 253 5389 qai
277 5319 342 5374 ioris
356 5329 418 5375 sunt
441 5339 448 5372 :
471 5323 585 5376 maxime
599 5337 660 5377 curn
676 5325 822 5391 spostolus
840 5323 921 5395 dicat,

132 5422 230 5464 omnes
243 5423 338 5464 csusm
352 5407 480 5465 Ecclesiae
493 5409 591 5465 debers
607 5410 677 5481 apud
692 5411 845 5471 sacerdotes
857 5412 927 5484 diju-

173 5527 186 5556 ¹
203 5520 307 5590 ,aliquio
322 5520 417 5577 deesse
431 5521 544 5578 ridetur.
561 5523 723 5578 ilsnntnuus.

173 5586 187 5629 l
202 5590 230 5647 to
244 5604 297 5659 est,
310 5600 398 5647 utrum
411 5593 552 5662 pertineat.

980 4517 1008 4564 ut
1029 4517 1085 4576 post
1109 4508 1205 4562 obitum
1227 4508 1349 4572 iliorum,
1371 4507 1422 4561 duo
1444 4505 1520 4560 alorci
1541 4505 1672 4570 utriusqus
1694 4516 1769 4556 suess

980 4615 1057 4653 uuttm
1072 4601 1219 4670 possideant
1239 4600 1425 4655 accusatorium
1443 4607 1488 4652 cort
1507 4597 1599 4666 equali
1619 4602 1686 4650 saris
1703 4593 1769 4647 uisi·

979 4687 1052 4754 dunt,
1067 4685 1080 4726 t
1094 4688 1118 4742 si
1130 4690 1250 4744 interesse
1263 4706 1315 4743 non
1329 4689 1509 4744 coercuerint?

1299 4793 1448 4835 aeseosstu.

1014 4873 1180 4932 Venerabilis
1203 4876 1373 4944 conpregstm
1400 4887 1481 4928 unum
1505 4887 1539 4927 cx
1562 4868 1665 4926 duobus
1687 4867 1769 4939 eligat

978 4981 1058 5036 quem
1077 4965 1128 5021 sibi
1149 4979 1266 5035 praeesse
1284 4964 1442 5019 desiderat:
1464 4972 1492 5018 ot
1511 4964 1556 5018 laic
1575 4976 1636 5017 curn
1656 4961 1769 5017 consilio

978 5060 1095 5129 episcopi
1118 5059 1168 5113 inci
1190 5059 1367 5112 constituatur
1384 5054 1477 5110 abbas.
1500 5055 1538 5111 Eu
1559 5069 1623 5109 tero
1641 5055 1768 5112 defuncto

978 5150 1024 5219 qui
1038 5149 1163 5216 praelatus
1175 5154 1227 5210 est,
1238 5147 1288 5200 iste
1301 5145 1435 5201 secundus
1449 5148 1493 5213 qui
1507 5157 1714 5205 connumeratus
1727 5156 1768 5202 cst

979 5239 1054 5294 initio
1069 5237 1163 5302 lraercs,
1173 5235 1287 5306 accipiat
1297 5237 1414 5306 regimen
1426 5238 1508 5294 totius
1519 5237 1683 5302 monasterii,
1695 5233 1766 5306 quad

978 5337 1039 5383 atsto
1052 5343 1104 5382 uun
1119 5342 1152 5382 ex
1167 5336 1222 5387 totu
1236 5327 1282 5383 sed
1296 5344 1329 5383 ex
1344 5340 1419 5398 parte
1433 5331 1483 5386 sibi
1499 5341 1655 5384 concessum
1667 5322 1766 5390 caude·

978 5417 1033 5471 bat.
1049 5417 1076 5472 si
1093 5423 1181 5471 tamen
1196 5416 1291 5487 dipuus
1310 5419 1471 5485 inveniatur,
1490 5432 1539 5473 suc
1553 5413 1680 5482 episcopo
1691 5411 1765 5482 iadi-

1015 5539 1026 5565 s
1040 5526 1088 5580 llic
1101 5527 1200 5597 aliquid
1215 5530 1312 5588 deesse
1324 5531 1434 5586 sidetem.
1452 5529 1537 5584 llsno.

1013 5594 1025 5632 ἅ
1046 5597 1113 5665 Lego
1128 5600 1151 5652 sr'
1165 5601 1228 5653 intcr
1241 5615 1276 5655 re.
1294 5600 1377 5655 liano.

1128 5676 1143 5700 l
