3832 6114
108 271 139 328 tt
442 211 445 218 Ι
606 259 684 319 vtis
705 260 734 316 S.
750 247 925 351 itbttttdt
947 246 1084 310 isnlttd
1099 253 1270 323 AUCTORE,
1389 294 1396 300 .
1707 265 1741 320 η

104 389 312 447 ,mmmmm
339 382 425 440 „neq
454 380 586 450 corpori,
613 380 676 438 tseit
704 376 784 433 tertio
813 385 898 430 sonos
912 366 936 424 Α
951 370 1078 436 promisit
1099 387 1146 442 per
1164 375 1289 431 civitates
1309 385 1369 432 anto
1392 381 1588 446 praedicationis
1611 399 1666 441 sue
1689 386 1738 450 ads

107 483 185 552 uait,
202 489 229 534 ut
244 479 327 534 multa
343 481 475 530 testatatur
489 471 688 544 llartyrologia.
705 468 896 523 Verumtamen
953 469 1071 527 rentum,
1095 462 1156 530 quia
1170 471 1250 519 tantte
1273 468 1468 535 persecutionis
1485 479 1567 528 aestus
1589 472 1737 548 ingruerat,

104 571 179 629 neas
193 579 285 627 custos
300 563 418 621 tidelinm
430 562 482 618 boe
496 563 642 632 peccatrici
654 560 727 632 genti
742 557 834 612 intulit
849 557 900 610 im·
953 555 1022 622 quod
1037 555 1099 609 anulii
1115 561 1208 612 eorum
1225 558 1298 613 licuit
1312 559 1412 616 obortis
1425 564 1614 619 commendare
1629 575 1737 624 actuum

104 661 270 741 properium,
292 670 341 726 per
362 654 403 708 sui
428 653 500 709 servi
522 652 591 708 beati
607 649 741 708 ttdnetmt
759 647 898 705 meritum.
952 655 1044 701 eorum
1058 649 1206 713 sequeutia.
1222 651 1297 720 Apud
1312 651 1394 707 lieurn
1411 659 1500 707 tamen
1514 665 1607 711 sorutn
1624 668 1677 713 non
1692 658 1742 716 nti·

104 746 174 807 Cum
188 763 237 820 psr
251 748 333 804 totius
344 742 449 816 Angliae
469 744 605 816 regionem
619 742 754 798 exereitus
769 738 899 796 uelandu-
953 743 1003 790 nus
1022 745 1110 793 exstat
1123 741 1259 807 meritum,
1286 752 1332 797 aut
1347 745 1417 799 inter
1439 743 1563 803 bomines
1583 750 1740 822 auctoritas,

107 857 166 899 rum
181 841 231 896 bae
244 838 358 908 illacque
372 834 547 900 discurreret,
561 832 666 890 tandem
679 833 712 888 ad
726 831 900 890 llelduncnse
951 829 1012 895 quia
1025 830 1180 901 ireqvtenter
1191 834 1284 890 rident
1309 850 1368 906 quae
1389 852 1436 907 per
1445 852 1493 894 eos
1515 837 1584 896 Deat's
1597 842 1741 902 ostendere

105 931 261 993 cenobium
288 925 422 998 pervenit,
439 925 483 982 ubi
506 924 657 995 indigenam
673 924 816 994 populum,
833 920 899 978 tanti
951 918 1075 987 dignarer
1091 922 1161 977 baud
1176 925 1286 980 minima
1305 927 1387 995 iacta,
1410 944 1458 999 pro
1480 931 1575 1001 qulbus
1594 933 1668 1002 prius
1686 950 1740 996 non

106 1021 240 1093 povvtibcis
254 1016 415 1076 detonsione
436 1016 627 1082 corridentem,
641 1018 698 1072 auri
713 1017 818 1085 aopiarn
846 1015 897 1072 tls-
951 1014 1050 1083 scripta
1066 1015 1137 1070 ildeli
1152 1017 1234 1072 corda
1256 1019 1405 1075 retinentur
1419 1021 1477 1077 sine
1491 1022 1666 1097 ambiguitate
1681 1035 1739 1083 tra.-

105 1114 198 1173 tttlisse
212 1112 362 1167 audirent.
380 1106 443 1176 Qui,
459 1115 489 1165 ot
503 1105 629 1163 irendens
642 1106 686 1162 leo
699 1121 747 1176 per
760 1106 896 1161 desertum
951 1101 1016 1161 dita.
1040 1107 1073 1161 Et
1086 1109 1145 1177 quia
1168 1110 1348 1166 accedendum
1363 1114 1451 1169 estad
1466 1116 1541 1170 istius
1550 1117 1636 1172 saneti
1651 1117 1732 1189 lacta,

104 1199 249 1271 discurrit,
262 1200 365 1259 'nullius
381 1203 444 1259 lerze
457 1202 553 1257 timeus
566 1215 719 1267 occursum,
734 1214 822 1254 cecus
836 1213 899 1253 esta·
950 1195 1164 1263 supradictorum
1191 1202 1283 1270 utique
1308 1217 1474 1273 nequaqnam
1497 1206 1627 1273 minima,
1651 1219 1738 1277 quan.

105 1295 154 1353 riei
182 1297 293 1360 ardore,
308 1304 409 1350 tantum
425 1293 521 1364 quaerit
534 1292 598 1364 quid
620 1292 742 1359 devoret,
757 1288 899 1345 ecelesiam
950 1296 1029 1354 quam
1044 1301 1058 1337 a
1076 1286 1131 1342 lieo
1154 1300 1213 1356 post
1229 1291 1370 1346 incultorum
1392 1292 1447 1348 sint
1473 1303 1581 1351 ostensa
1604 1313 1735 1356 annorum

106 1386 218 1457 irrupit,
244 1402 276 1442 ac
297 1383 428 1456 usquead
449 1392 542 1440 saracta
556 1392 710 1439 sanctorum
727 1393 839 1436 vesanus
852 1392 899 1432 ac·
950 1378 1092 1442 curricula,
1112 1378 1146 1435 de
1158 1381 1243 1436 istbac
1259 1398 1288 1437 ro
1313 1399 1382 1438 raone
1407 1386 1456 1439 ista
1474 1386 1500 1440 in
1514 1389 1637 1455 presenti
1661 1389 1737 1446 autt-

106 1482 201 1537 ressit.
222 1480 284 1535 llos
306 1487 335 1534 ut
354 1479 458 1534 illorum
472 1476 594 1548 quidam,
608 1485 718 1546 accepto
733 1486 841 1536 arcano,
858 1469 898 1525 la·
950 1467 1031 1522 ciant.

108 1572 184 1642 pillos
198 1571 299 1642 cupivit
318 1569 451 1642 pretiosos
467 1568 602 1624 traberee
618 1567 727 1632 ieretro,
744 1562 845 1618 amisso
858 1561 899 1615 lu·
987 1559 1121 1630 'tempore
1135 1563 1217 1619 arnolto
1235 1574 1374 1635 postquam
1386 1565 1520 1622 banorum
1534 1576 1613 1635 atque
1623 1567 1732 1626 Norrvs·

108 1663 178 1720 utine
188 1662 281 1718 divina
295 1661 398 1718 ultione
411 1659 541 1715 continuo
554 1657 652 1714 cecidit
665 1655 692 1710 in
705 1655 896 1724 pavimentum.
950 1652 1071 1720 censium
1086 1655 1266 1712 crudelissimi
1280 1672 1358 1728 reges
1375 1659 1549 1717 devastavere
1565 1660 1737 1733 Britanniam,

107 1751 182 1810 Tunc
194 1750 321 1808 ementiti
342 1751 434 1805 bostes
449 1749 558 1812 111111,
573 1747 664 1802 1111111111
680 1759 740 1815 tium
761 1743 787 1798 ῐ11
802 1755 894 1796 1110111·
912 1729 937 1791 Β
952 1749 1105 1813 nonnullas,
1123 1757 1151 1801 ut
1166 1750 1249 1804 moris
1264 1759 1305 1805 est
1329 1751 1505 1806 barbarorum
1532 1752 1659 1821 bostium,
1681 1752 1739 1822 pol·

108 1836 621 1909 11111011111ι1111111111111111101111111,
644 1836 765 1889 1111111111
782 1829 899 1900 re¹5¹¹il¹¹l
951 1839 1073 1894 clariores
1095 1838 1197 1895 duxere
1220 1841 1399 1909 virgunculas.
1427 1842 1499 1899 inter
1524 1859 1591 1915 quas
1616 1844 1738 1916 quaedam

109 1930 240 2004 (exceptis
252 1931 295 1986 bis
307 1946 369 2001 qne
389 1929 466 2000 plebs
481 1942 599 1999 provaga
611 1925 667 1999 jana
681 1926 709 1980 in
723 1923 841 1980 oiiicinis
854 1936 899 1978 ac·
951 1928 1031 1982 valde
1046 1928 1153 1992 nobilis,
1170 1930 1319 2000 llclpbildis
1332 1933 1449 2001 nomine,
1464 1949 1524 1989 euna
1539 1937 1643 2006 captiva
1656 1935 1740 1992 duce·

107 2024 243 2094 ceperat),
265 2030 345 2093 atque
366 2021 434 2076 viam
458 2020 593 2075 inhianter
616 2016 720 2088 profugi
745 2007 898 2082 arripuere·
953 2029 1039 2086 retur,
1063 2018 1169 2075 cuidam
1184 2022 1325 2089 primatum
1341 2024 1546 2091 pulchritudinis
1569 2041 1647 2082 eausa
1662 2028 1740 2083 raldo

107 2114 153 2172 Sic
170 2113 350 2186 quippelieus
365 2114 455 2170 lucum
471 2112 544 2168 illum
558 2111 682 2168 liberavit
696 2126 711 2164 a
727 2109 802 2165 rabie
825 2107 898 2164 lrau·
952 2109 1132 2175 conplacuit:
1155 2110 1199 2181 qui
1216 2109 1309 2180 legale,
1324 2112 1396 2181 quod
1419 2113 1491 2183 prius
1511 2115 1640 2172 babuerat
1665 2116 1738 2187 juata

108 2203 233 2258 datorum
248 2217 328 2273 prece
341 2203 382 2257 sui
397 2201 490 2257 ianruli
507 2201 618 2273 :magni
639 2201 710 2255 enirn
728 2198 800 2268 apud
816 2197 898 2253 servm
953 2200 1041 2268 peratis
1055 2213 1111 2255 suae
1125 2213 1239 2269 morem,
1255 2200 1403 2256 destituens
1417 2203 1580 2274 eonjugium,
1602 2206 1665 2262 dum
1687 2206 1741 2265 laao

108 2301 196 2349 exstat
209 2293 260 2348 iste
276 2300 385 2349 sanctus
399 2289 499 2357 meriti,
512 2291 557 2360 qui
574 2295 614 2360 (ut
627 2285 756 2359 divimus)
770 2286 899 2356 populant
953 2288 1023 2346 torte
1038 2298 1158 2345 uteretur
1182 2291 1341 2359 concubino,
1367 2301 1453 2348 morte
1479 2295 1681 2363 superveniente
1694 2297 1744 2353 tis·

108 2381 160 2438 sibi
173 2382 286 2437 eborum
301 2397 315 2435 a
332 2383 428 2437 timore
442 2382 507 2437 tanti
522 2379 593 2436 eruit
607 2379 730 2449 periculi.
749 2377 824 2432 llonc
834 2388 900 2444 erqo
952 2379 1060 2436 iunctus
1074 2390 1127 2435 est.
1151 2380 1214 2436 llaec
1228 2395 1293 2437 vero
1305 2382 1398 2436 orbata
1413 2371 1484 2437 il'lius
1497 2382 1618 2445 coneilio,
1634 2398 1741 2440 reman-

107 2482 136 2531 et
149 2489 199 2530 nos
218 2481 294 2530 casto
308 2474 408 2543 corde,
433 2472 528 2544 pronis
549 2486 657 2543 quoque
671 2482 813 2525 exoremus
825 2467 898 2523 voci·
952 2470 986 2525 rit
1000 2469 1070 2526 irater
1083 2470 1247 2540 alienigenas
1265 2471 1362 2534 media.
1388 2472 1428 2528 bd
1447 2488 1525 2541 qoam
1550 2474 1683 2529 lianorum
1696 2489 1740 2530 ar-

108 2565 170 2634 bus,
186 2573 319 2638 quatenus
333 2579 382 2619 nos
400 2564 524 2635 indignos
546 2562 599 2618 vita
614 2569 641 2618 et
654 2561 784 2629 moribus,
799 2575 815 2614 a
832 2571 898 2628 pec·
952 2562 1142 2629 obimandrita,
1157 2562 1270 2634 cupiens
1281 2564 1350 2634 quod
1364 2563 1537 2634 subsequitur
1545 2562 1665 2631 eiicere,
1678 2567 1741 2636 quia

107 2655 179 2711 catis
192 2664 366 2725 expurgatos,
382 2653 451 2724 apud
470 2653 554 2714 Deuca
572 2659 662 2707 mente
684 2651 828 2717 exaltatos,
843 2647 899 2705 suis
951 2651 1060 2709 carebat
1073 2653 1177 2720 liberis,
1193 2653 1244 2710 etsi
1258 2654 1501 2722 uxoresuperstite,
1516 2669 1568 2710 una
1582 2662 1686 2710 tantum
1698 2657 1741 2712 in·

108 2743 208 2800 reddat
221 2745 353 2814 precibus,
367 2758 419 2814 quo
433 2756 494 2800 oum
509 2758 543 2799 eo
557 2752 617 2812 post
630 2741 699 2797 itane
713 2742 795 2797 vitam
811 2739 898 2811 potia·
951 2754 1060 2816 gressus
1074 2752 1163 2810 nocte,
1188 2745 1281 2813 genuit
1296 2744 1390 2799 lilium.
1415 2743 1474 2811 Quo
1485 2743 1605 2815 cognito,
1627 2759 1673 2801 rer
1687 2745 1744 2815 pie.-

109 2822 407 2904 procrastinationum
430 2834 546 2892 videndo
567 2833 662 2890 sedere
686 2833 773 2890 l‘atris
787 2829 821 2885 ad
835 2827 899 2886 det·
953 2842 1008 2889 tate
1032 2844 1130 2900 motus,
1155 2834 1216 2904 quia
1232 2833 1336 2891 advena
1357 2842 1437 2899 erat,
1458 2844 1486 2889 et
1498 2847 1591 2890 amore
1612 2835 1743 2905 genitura

108 2937 191 2995 tram,
206 2929 248 2985 cui
268 2929 304 2983 sit
319 2928 421 2995 virtus,
437 2930 524 2982 lronor
538 2936 565 2983 st
579 2926 661 2997 gioria
676 2940 736 2983 eum
751 2924 900 2980 Pneumats
952 2941 1032 2996 quam
1048 2925 1075 2981 in
1098 2939 1129 2981 ea
1144 2924 1243 2980 iecerat
1256 2925 1372 2992 illectus,
1395 2934 1424 2979 ut
1439 2938 1497 2982 earn
1513 2935 1640 2993 servaret,
1657 2935 1740 2996 utque

107 3029 203 3077 sanem
217 3019 411 3090 perimmensa
427 3019 537 3075 secula.
953 3019 1104 3073 trecessaria
1120 3019 1145 3073 ei
1162 3017 1300 3082 tribueret,
1313 3017 1403 3074 uxoris
1423 3017 1488 3071 iram
1515 3025 1593 3072 caute
1607 3029 1740 3083 metuens,

146 3106 209 3164 Post
224 3108 282 3163 nee
300 3108 436 3164 banorum
449 3115 607 3175 conventus,
631 3106 685 3162 lieo
705 3105 823 3173 odibilis,
847 3077 937 3161 int·C
956 3106 1062 3163 cuidam
1084 3108 1167 3163 Deum
1183 3109 1288 3165 timenti
1303 3107 1502 3164 commendavit
1516 3107 1652 3178 episcopo,
1669 3108 1713 3178 qui
1728 3123 1743 3163 a

110 3200 240 3256 maritate
254 3199 402 3265 scelerum,
418 3207 445 3253 et
457 3196 618 3254 Christiane
643 3198 704 3253 tidei
716 3199 902 3263 evacuatione,
954 3201 1067 3256 Domino
1081 3214 1181 3270 capere
1196 3202 1400 3257 retributionem
1423 3201 1561 3267 artvbiens,
1586 3200 1742 3273 dominique

108 3298 172 3362 post
193 3290 282 3343 rarius
295 3298 407 3345 everttus
421 3288 554 3344 beliorum
577 3289 605 3342 in
619 3287 735 3344 diversis
748 3289 825 3355 loeis,
842 3298 904 3359 post
954 3291 995 3346 rui
1011 3290 1224 3347 benevolentiam
1251 3289 1351 3347 babere
1368 3293 1489 3360 cupiens,
1516 3308 1653 3365 usquequo
1677 3307 1743 3361 puer

108 3381 283 3437 sacellorum
303 3379 513 3434 destructionem
529 3392 561 3433 ao
576 3375 720 3433 multarum
733 3379 901 3435 eversionem
955 3379 1146 3449 ablactaretur,
1165 3395 1224 3436 cam
1241 3380 1384 3436 liberaliter
1409 3380 1473 3437 ioeit
1495 3382 1636 3438 cristodiri.
1662 3383 1744 3438 libia·

111 3470 229 3536 urbium,
258 3468 331 3524 omni
346 3469 466 3539 undique
482 3467 550 3523 ultra
575 3468 683 3524 modum
707 3469 845 3525 devastata
862 3483 904 3526 re·
955 3478 1028 3525 ctato
1048 3469 1164 3541 donique
1190 3469 1334 3540 infantulo,
1356 3489 1404 3527 ret
1422 3473 1466 3528 illc
1486 3472 1570 3529 obiit:
1598 3474 1655 3531 lvacc
1679 3490 1743 3537 vcro

111 3561 200 3632 gioue,
221 3560 353 3614 tolerante
373 3559 439 3625 Deo,
464 3558 497 3613 ad
517 3567 622 3630 tempus
635 3573 746 3628 regnum
771 3560 901 3616 laabuitin
955 3570 1034 3618 nocte
1048 3562 1155 3631 rapiens
1167 3563 1260 3629 illium,
1284 3561 1352 3634 lagae
1367 3564 1442 3632 pe'iit
1467 3564 1617 3631 latibulum,
1643 3565 1742 3634 reginas

112 3666 158 3708 sua
173 3665 300 3722 perrersa
311 3650 421 3705 ditione.
447 3649 549 3718 Quare
570 3650 668 3708 attritis
689 3650 901 3707 ortltodotitatis
953 3653 1067 3709 viventis
1079 3653 1166 3709 adbuc
1178 3656 1315 3710 incurrero
1330 3655 1427 3709 timens
1443 3656 1602 3725 periculum.

111 3742 275 3808 cultoribus,
298 3741 470 3798 mendicitate
490 3756 569 3812 opum
589 3756 787 3813 corporumque
809 3743 902 3799 multis
990 3746 1174 3802 Peractolrinc
1187 3743 1328 3812 septennio
1342 3744 1460 3802 auditum
1475 3753 1516 3798 est
1530 3761 1544 3798 a
1566 3746 1667 3813 multis,
1680 3761 1739 3809 eam

109 3831 342 3897 tribulationibus,
356 3831 454 3900 tempta
470 3845 521 3886 non
539 3832 776 3902 trequentabantur
788 3834 903 3889 assuetis
955 3849 1008 3890 non
1023 3835 1116 3905 procul
1132 3849 1191 3890 csse
1211 3835 1238 3896 in
1261 3833 1370 3889 rernotis
1395 3832 1533 3903 partibos;
1554 3846 1616 3890 trane
1639 3851 1688 3905 pro
1710 3852 1741 3893 oa

111 3917 284 3990 ingressibus
297 3919 422 3986 bdelium,
446 3936 495 3977 nec
515 3924 708 3978 monaoivormn
734 3924 776 3978 vel
803 3925 904 3979 sancti·
957 3926 1022 3980 Dani
1037 3926 1144 3988 misero,
1160 3938 1213 3993 duo
1228 3924 1310 3981 tilium
1325 3923 1465 3979 reduceret
1481 3932 1509 3978 ut
1519 3936 1629 3997 paterno
1641 3925 1742 3988 iruere·

111 4012 270 4067 monialium
297 4009 415 4066 iideltum
439 4020 523 4066 turma
552 4012 692 4068 nocturnis
713 4012 770 4068 sire
796 4012 902 4071 diurnis
956 4026 999 4073 tur
1014 4016 1092 4072 solio.
1108 4016 1185 4084 Quod
1198 4023 1226 4071 et
1240 4013 1337 4072 iactum
1352 4025 1403 4080 est,
1416 4024 1601 4073 verumtamen
1616 4017 1685 4075 idem
1701 4035 1744 4076 re·

112 4104 242 4159 utebatur
259 4102 412 4173 synaxibus.
430 4099 506 4159 Unde
520 4103 632 4174 contigit
646 4103 731 4159 sancti
745 4116 843 4173 carpus
857 4103 902 4159 din
955 4109 1043 4177 gaulus,
1061 4121 1132 4162 anno
1142 4116 1169 4162 et
1183 4106 1264 4163 semis
1276 4107 1303 4161 in
1318 4105 1433 4162 eulmine
1444 4106 1518 4174 regni
1532 4115 1675 4173 transacto,
1693 4112 1743 4165 nac

113 4209 231 4268 pensare
245 4196 271 4251 in
285 4197 395 4262 tumulo,
410 4196 454 4251 nbi
469 4207 591 4254 assueto
608 4197 745 4252 bunstsno
756 4198 903 4268 repositum
960 4198 1019 4255 lnce
1032 4200 1173 4256 defunctos
1197 4207 1248 4254 est.
1270 4196 1346 4254 Tunc
1375 4197 1534 4269 lleipltildis‚
1555 4198 1702 4260 desolatam
1716 4218 1747 4258 ss

111 4289 210 4356 tuerat,
227 4288 352 4359 pontifice
367 4289 493 4344 virtutum
508 4289 634 4362 congerie
648 4289 816 4345 clarissimo:
831 4289 903 4360 quod
957 4300 1044 4345 morte
1059 4289 1112 4343 nati
1126 4288 1311 4356 considerans,
1332 4293 1359 4341 et
1372 4286 1566 4356 preteritorum
1582 4303 1741 4355 erumnam,

112 4379 376 4450 nrrvnipoteaslieus,
388 4395 541 4450 quanquam
552 4380 595 4435 rili
610 4379 704 4436 lateret
714 4379 899 4450 subtegmine,
956 4392 984 4438 et
998 4382 1147 4436 interorum
1160 4380 1269 4434 multam
1283 4377 1419 4434 misniam
1431 4378 1514 4434 corde
1527 4389 1598 4450 saepe
1609 4381 1746 4450 volutans,

112 4479 218 4546 magnis
232 4473 381 4530 adomabat
394 4472 547 4529 nautibus.
573 4473 651 4542 sepe
665 4471 737 4527 enim
751 4479 780 4528 et
789 4470 904 4526 diversis
919 4448 1090 4526 ”stabilivit
1104 4471 1127 4524 si
1142 4479 1232 4539 posset
1245 4469 1375 4539 repedare
1384 4464 1417 4523 ad
1433 4470 1550 4540 propria,
1567 4470 1611 4526 ubi
1626 4487 1673 4540 per
1686 4488 1747 4528 san·

114 4564 281 4635 temporibus
298 4564 398 4619 multos
412 4564 552 4633 utriusque
565 4577 656 4626 serus,
672 4562 753 4617 variis
769 4568 909 4631 possessos
957 4573 1061 4617 storum
1079 4562 1135 4616 lieo
1154 4562 1234 4616 clrara
1259 4561 1364 4629 merita,
1386 4558 1442 4630 jaun
1457 4557 1565 4630 jamque
1577 4560 1610 4614 ad
1633 4559 1746 4620 nilviium

115 4654 299 4726 tanqunnns,
324 4653 458 4720 liberavit,
482 4669 553 4726 qam,
579 4664 609 4710 ut
631 4653 744 4709 facultas
767 4654 856 4720 tuerit,
881 4664 909 4710 et
958 4665 1063 4708 terrena
1073 4659 1211 4722 reputans,
1222 4652 1359 4707 coelestem
1370 4652 1611 4722 possetaequirere
1621 4650 1764 4722 gloriam..

116 4744 213 4801 atrita
237 4746 368 4802 memoria
395 4747 573 4815 svrccrererit,
598 4746 624 4799 ln
648 4745 704 4801 suis
718 4745 784 4801 locis
796 4741 907 4801 ordina&
960 4743 1037 4801 Venit
1051 4743 1130 4812 igitur
1145 4742 1178 4797 ad
1198 4741 1343 4796 nativitatis
1357 4742 1454 4805 solum,
1471 4740 1647 4808 Britanniam,
1664 4730 1745 4811 atqne

119 4832 176 4890 titas
190 4834 291 4906 singula
304 4836 513 4904 describentem
539 4837 581 4891 illa
594 4836 698 4893 scilicet
710 4851 769 4906 quac
784 4850 907 4905 pereum
960 4837 1039 4891 trium
1055 4835 1176 4890 villarum
1192 4834 1352 4896 benetlcium
1372 4845 1404 4887 ea
1419 4845 1501 4886 censu
1521 4831 1586 4887 enavit
1597 4845 1678 4897 quent
1702 4838 1747 4883 as·

117 4923 190 4982 liert
211 4923 273 4981 lecit
287 4935 348 4996 post
368 4925 530 4983 destmotam
546 4940 594 4997 per
606 4926 796 4997 predicatores
819 4927 908 4983 liano»
959 4941 1020 4982 cum
1034 4923 1134 4989 attulit,
1157 4923 1211 4979 ilac
1225 4938 1289 4992 ergo
1301 4923 1328 5002 in
1345 4920 1417 4989 pacis
1429 4918 1518 4986 quieto
1532 4916 1687 4989 longissime
1702 4917 1751 4972 de·

113 5024 177 5068 mm
191 5015 333 5080 sevitiam,
347 5025 374 5071 et
390 5025 451 5085 post
466 5017 600 5072 devictam
615 5030 662 5086 per
675 5015 820 5071 bellatores
835 5017 907 5072 viros
960 5014 1025 5086 quit,
1043 5015 1142 5084 lleiqoe
1157 5011 1280 5067 timorem
1296 5020 1357 5065 curn
1378 5014 1530 5062 sanctorum
1546 5004 1695 5062 reverentis
1722 5004 1749 5061 tn

116 5104 225 5160 iliorum
238 5106 351 5162 inrisam
364 5107 515 5164 audaciam.
531 5107 569 5164 Ea
583 5108 655 5163 eninr
667 5107 836 5175 antiquorum
853 5122 908 5163 me·
961 5115 1060 5162 arcano
1070 5104 1159 5160 cordis
1174 5101 1354 5157 indesinenter
1368 5095 1469 5152 babuit.
1552 5156 1554 5163 ¹

115 5196 202 5252 moria
216 5198 287 5253 balta
309 5199 403 5263 tenuit,
423 5198 474 5254 etsi
496 5212 592 5270 magna
613 5200 702 5253 locent
726 5212 785 5265 qrrae
808 5196 909 5268 peracit
997 5195 1200 5260 Verumtamen,
1214 5190 1388 5247 divinotaota
1402 5187 1752 5260 verbereteosclticetqttb

116 5285 255 5343 batorum
270 5287 335 5343 inibi
350 5288 495 5358 superstite
510 5288 631 5358 peritia,
657 5287 719 5360 quia
732 5299 759 5344 et
773 5289 905 5346 bonorum
963 5303 1057 5345 servos
1070 5298 1142 5352 suos,
1159 5292 1187 5339 ut
1208 5282 1241 5339 ad
1269 5282 1380 5339 meliora
1409 5280 1558 5352 prodciant,
1587 5279 1746 5351 quandoque

113 5377 237 5432 >simmam
251 5391 286 5433 eo
300 5387 424 5447 ternpore
438 5394 533 5451 magna
547 5380 708 5450 cattinaria,
723 5379 909 5448 etmalorum,
965 5379 1038 5436 novit
1049 5378 1182 5447 ailigere:
1197 5375 1235 5430 uti
1256 5375 1479 5440 patientissimum
1494 5373 1555 5438 iob,
1583 5381 1612 5426 ut
1634 5383 1695 5425 sont
1722 5371 1749 5422 lta

114 5468 429 5537 peceatiseaigentibus,
451 5469 656 5528 innumerabllls
679 5470 765 5539 eopia.
791 5472 868 5539 Quod
883 5479 912 5526 et
965 5471 1115 5538 exemplum
1131 5467 1244 5539 posteris
1256 5472 1377 5536 poneret,
1402 5470 1432 5520 ιιι
1455 5474 1570 5531 seipsum
1595 5460 1656 5530 quis
1680 5454 1750 5513 iorei

115 5556 210 5611 ruditis
222 5557 334 5628 mnttqit
354 5561 528 5630 rrrmyribus,
551 5561 698 5630 quinetiam
710 5568 737 5616 et
750 5561 909 5631 qubusdam
966 5560 1052 5629 quiret
1064 5568 1219 5628 agnoscere,
1233 5553 1414 5611 misericordia
1433 5548 1521 5606 divina
1533 5548 1665 5616 quondam
1693 5547 1750 5601 car·

114 5647 322 5727 discipulorum.
338 5666 404 5716 «ratos
427 5655 486 5731 ipse
499 5668 621 5714 summus
632 5655 729 5717 Pastor
741 5666 769 5714 et
781 5655 909 5720 wanirant
967 5653 1061 5710 naliter
1080 5651 1205 5725 allisit),
1226 5649 1406 5709 membrorum
1430 5643 1650 5713 enervationem,
1671 5652 1749 5721 qvam
