3832 6114
145 324 200 381 ἥδ

555 326 585 386 s.
601 290 777 384 sconsam
795 321 940 382 osanna
958 319 1048 380 otas
1067 321 1099 380 ιι.
1119 349 1154 364 -
1173 320 1391 384 rnncrtros.

1728 335 1785 392 m

145 454 226 511 quem
241 452 347 495 amram
360 437 475 511 imperiti
488 445 516 494 et
530 438 650 494 metrice
660 438 726 496 artis
739 417 825 511 ignari
838 438 936 495 obtun-
951 437 974 498 ti
989 435 1090 503 bridio,
1101 433 1208 504 eposio,
1223 435 1350 502 debono,
1377 438 1480 494 delerit
1495 481 1502 506 ‚
1517 442 1604 498 erario
1620 482 1628 510 ,
1643 444 1787 526 mallim

144 528 335 598 sanuemcmis
356 528 502 585 acrimonia
521 527 584 585 ircti
597 530 662 586 satis
682 529 796 600 turpiter
806 529 937 600 interpre-

145 629 248 688 tortior,
263 631 360 693 repeto,
374 622 451 692 quasi
477 621 529 678 sub
552 636 607 677 una
629 622 760 678 omtionis
785 631 938 677 asserentes

144 724 230 784 parte,
246 724 273 772 et
295 715 410 784 pendeat
422 730 518 771 sensus
533 715 567 772 de
584 717 695 785 prolato
710 717 817 773 nomine
832 728 938 772 neutra-

143 804 173 871 ii,
184 804 271 869 idest,
286 807 424 878 demerim·
435 807 564 877 qttotlnee
576 807 721 864 scandendi
729 811 808 873 ratio,
821 820 870 862 nec
883 810 938 878 syl·

144 894 266 950 isbamm
281 896 372 967 regula
385 895 517 953 consentit
529 913 537 962 ;
551 898 685 968 siquidem
697 897 939 968 occorrjunctioeat

142 987 315 1058 disjunctos,
340 988 405 1044 Geta
416 1004 480 1045 rero
496 990 642 1060 principale
652 999 680 1046 et
702 989 864 1060 primitivam
877 997 935 1053 est:

142 1081 213 1139 uode
228 1082 369 1137 Terentius
383 1082 448 1138 iiior
459 1083 486 1137 in
502 1083 666 1138 Phormione
680 1083 721 1138 sic
734 1083 791 1138 sit:

233 1176 332 1224 Amicos
343 1187 451 1223 summus
461 1186 532 1224 meus
544 1179 571 1225 et
582 1172 706 1236 popularis
718 1173 781 1224 bots

232 1235 295 1285 lieri
306 1235 335 1285 ad
347 1248 386 1285 me
396 1238 479 1296 reoit;

141 1327 168 1373 ci
180 1315 249 1372 inira
266 1335 272 1371 :

234 1406 307 1467 (ieta,
320 1409 466 1470 provinciam
477 1408 562 1471 cepisti
573 1406 665 1456 datram.

142 1489 211 1556 Quid
223 1489 245 1545 si
259 1497 346 1560 sepeio
360 1490 481 1545 neutrale
495 1503 593 1544 nomen
606 1497 678 1545 esset
694 1487 847 1543 accusativo
872 1487 933 1559 plu·

142 1582 202 1647 ruli,
219 1581 336 1637 heroion
356 1580 564 1637 versificationis
578 1581 669 1651 regala
684 1580 838 1645 vacillaret,
871 1580 932 1650 goin

142 1685 250 1740 sonipes
265 1677 359 1724 neutra
372 1668 399 1724 in
413 1664 509 1738 plurali
525 1668 700 1739 corripiaottt
714 1668 742 1725 itt
756 1668 934 1735 nominativo,

140 1761 294 1817 accusativo
309 1768 336 1814 et
346 1761 479 1826 vocativo,
493 1769 521 1815 ui
536 1780 542 1815 :

160 1922 168 1967 i
294 1849 368 1900 Artas
380 1851 508 1913 rimmquc
519 1862 581 1901 cano

141 1929 158 1973 ο
186 2002 259 2052 Arma
268 2000 468 2065 Amyclaeumque
477 2000 731 2065 canemCressamque
739 2002 887 2066 pharetram.

143 2083 213 2153 Ergo
233 2098 286 2138 aon
299 2094 339 2139 est
353 2095 441 2155 nepeta
459 2085 627 2141 aocrrsativno
643 2086 764 2155 pluralis.
793 2084 841 2141 sed
868 2084 934 2140 Geio

140 2176 271 2231 nilminus
285 2176 437 2245 singularis,
454 2176 499 2246 qui
523 2190 631 2247 semper
645 2178 672 2232 in
701 2177 787 2245 primu
810 2178 929 2232 declina·

137 2269 212 2323 tione
225 2282 242 2321 a
254 2267 377 2336 producit
403 2267 430 2322 in
444 2268 568 2323 omnihus
590 2268 744 2339 generibus,
764 2275 794 2323 oi
813 2278 928 2338 proreta,

139 2359 303 2428 opoaotbeia,
318 2358 423 2422 laniata,
438 2359 597 2413 archsrrirsta
613 2401 621 2426 ,
637 2360 721 2430 pirata
732 2398 741 2427 ,
754 2373 869 2432 satrapa,
882 2377 926 2417 rs·

139 2453 209 2517 bola,
221 2447 328 2513 othlata,
342 2449 485 2519 psoioritiu,
505 2453 640 2517 exorcista,
654 2451 786 2521 Baptista,
803 2452 931 2522 tprtopa.

173 2545 238 2601 item
253 2546 391 2614 icmininu,
400 2547 463 2612 sica,
474 2546 569 2608 orttico,
582 2543 736 2614 pico,riotn,
753 2541 827 2608 iimo,
840 2543 931 2608 mima,

137 2651 212 2704 rapo,
230 2636 390 2704 bibliotheca,
403 2635 523 2702 ambella,
538 2633 634 2698 libello,
655 2634 752 2699 cerain,
766 2630 906 2687 coiaatclio
921 2673 928 2697 ,

137 2727 328 2797 sparpanfstrio,
340 2736 388 2784 ui:
403 2745 413 2780 s
428 2726 455 2783 ln
468 2725 557 2781 medio
567 2722 769 2794 juvencularum
781 2723 931 2795 tympanis-

138 2817 279 2887 triarum3r
296 2818 447 2873 communia
463 2825 511 2882 ;ιιι
523 2817 631 2882 adreno,
648 2830 736 2881 cerna,
751 2814 823 2869 unde
837 2828 930 2869 serna-

137 2907 221 2976 caira,
241 2909 311 2981 qaod
326 2910 421 2965 melios
436 2924 483 2980 por
501 2925 514 2963 a
529 2923 609 2979 qinom
622 2922 669 2977 per
683 2905 837 2977 digammon
848 2905 932 2962 scribi

140 3011 259 3055 veteram
283 3000 430 3056 auctoritas
452 2997 695 3069 orthographorum
714 3003 841 3061 testatur,
867 2994 930 3064 guia

135 3109 178 3148 uer
192 3092 263 3148 undo
278 3109 384 3147 oernroa
397 3091 573 3147 deriratirom
585 3089 708 3155 ducitur,
724 3102 772 3157 per
784 3104 799 3143 e
813 3097 928 3145 constat.

138 3275 226 3328 rrcrrtin
235 3275 402 3343 protulimus,
410 3274 456 3331 scd
466 3271 697 3329 ndosiendcndum
710 3271 801 3341 prima
813 3269 932 3327 declina·

142 3366 222 3419 tinnis
234 3365 261 3420 in
275 3365 391 3421 ablativo
403 3367 575 3432 finalitatem,
592 3365 635 3420 abi
650 3378 757 3433 semper
772 3380 788 3416 o
806 3364 926 3433 produci

137 3469 189 3522 tur,
205 3469 233 3512 ιιι
245 3457 316 3513 Geta.
332 3458 476 3515 Scinditur
488 3468 578 3514 autern
593 3456 628 3512 itn
644 3475 651 3511 c
665 3457 760 3524 ridica,
790 3456 815 3511 io
830 3471 859 3510 os
880 3454 928 3522 Ge,

134 3560 161 3605 to
175 3567 232 3618 soa,
250 3551 370 3620 quolibet,
386 3561 441 3606 orte
455 3568 497 3618 cst,
520 3551 608 3605 heredi.
624 3549 750 3620 Alioquin
765 3558 792 3603 to
805 3565 851 3604 scat
875 3565 928 3605 oon

136 3651 209 3698 esset
222 3643 366 3712 spondaeus
380 3644 428 3700 sed
445 3643 558 3710 iamhos,
572 3641 644 3714 quod
663 3640 763 3697 heroici
780 3640 930 3697 hexametri

134 3734 227 3804 regola
237 3734 340 3792 abnuit.
354 3734 418 3792 item
431 3744 523 3792 neutra
538 3731 640 3806 paonis
651 3732 740 3802 primi,
753 3741 780 3787 ut
791 3731 929 3787 condiisse

133 3829 283 3897 sagariam,
297 3829 471 3897 suppliciam,
486 3826 641 3893 dimidiant,
653 3824 828 3895 principiam,
850 3839 930 3880 sent·

134 3918 207 3982 iiiam,
222 3917 383 3981 aestibalam,
398 3916 566 3980 tiraribalanr,
591 3917 756 3983 cottjttps'anr,
782 3914 922 3979 auxiliata,

133 4010 262 4079 elopaittm
272 4049 280 4076 ,
291 4002 467 4078 c'oiiotptiam,
483 4007 617 4060 consiliam
631 4045 639 4069 ,
655 4004 813 4074 periculam,
831 4005 923 4072 idest,
1000 4051 1006 4060 .

135 4103 245 4172 spongia
256 4117 265 4168 ς
278 4101 349 4157 unde
363 4111 514 4170 pociacum
528 4098 562 4154 do
577 4094 853 4168 patibuloSulraioris
865 4110 929 4166 poe·

137 4203 208 4249 ntato
219 4201 358 4262 pangcrci,
370 4192 407 4246 aii
419 4206 428 4245 a

230 4280 347 4331 Peniculo
359 4280 462 4330 inlusum
475 4277 567 4328 calerno
578 4277 690 4342 porrexit
698 4282 804 4335 acetum;

134 4366 275 4437 ingenium,
283 4365 423 4436 judiciam,
436 4362 569 4417 arbitrium
582 4401 591 4429 ,
606 4361 741 4428 imperium
756 4397 765 4425 ,
778 4357 927 4425 soiait'iistttt,

134 4456 282 4522 hospitium.
294 4453 361 4510 licta
373 4452 498 4518 coelicola,
506 4450 633 4522 agricolo,
647 4447 812 4512 ciriathaim
826 4447 928 4502 ratico-

135 4551 171 4614 ia,
187 4545 352 4618 amiticia,
362 4544 522 4616 Trojapetta,
533 4543 692 4616 Graiapeno,
707 4541 841 4612 (rihperto,
853 4542 927 4599 nabi·

136 4657 210 4712 peno,
221 4640 273 4695 hoc
284 4647 327 4696 osi
340 4635 502 4705 Centaurus,
517 4636 681 4694 uthacanus
696 4651 704 4690 ε

445 4748 568 4799 islonidss
580 4748 714 4797 Centauros

230 4812 291 4863 Feta
302 4810 462 4862 Peiithroniis
472 4811 551 4860 nubes
561 4809 671 4860 eiiuudet
681 4811 705 4858 io
715 4809 787 4857 arsis.

171 4916 202 4970 ll.
216 4914 252 4970 lla
267 4914 373 4987 regulas
384 4913 539 4970 rcrhorum.
552 4941 587 4952 -
597 4911 633 4966 ii.
649 4909 800 4979 sanctifico,
815 4911 927 4980 aedifico,

134 5007 241 5075 virides,
249 5007 510 5078 clarificogioripico,
518 5003 805 5076 mopaifisomteliifico,
818 5004 939 5073 mirifico,

137 5095 250 5163 taeiifieop
259 5096 391 5164 testificor,
404 5097 535 5166 ludificor,
545 5097 679 5166 polliceor,
692 5095 825 5164 confiteor,
852 5097 928 5149 sasi-

137 5189 195 5257 iior,
204 5185 364 5257 propredisr,
375 5187 510 5257 astipulor,
518 5187 660 5257 appretior,
672 5188 784 5253 iniaeor,
795 5174 927 5252 contritor,

135 5280 246 5346 irradio,
254 5276 394 5342 discrucio,
404 5276 521 5345 incipito,
529 5278 702 5346 conglomero,
712 5275 811 5344 inficio,
822 5273 929 5344 pericia

134 5377 231 5448 efficio,
240 5365 343 5444 'officim
355 5369 470 5440 salicis,
486 5369 584 5437 afficio,
597 5368 717 5434 conticis,
730 5368 781 5434 cio,
797 5367 926 5431 interimo,

136 5465 275 5538 comperio,
290 5461 408 5525 adt-enio,
424 5455 536 5523 intensio,
564 5455 672 5525 deripio,
697 5457 790 5525 eripio,
813 5454 925 5521 invideo,

135 5551 400 5617 admoneopontirrco,
409 5547 675 5613 commoneo,rdoceo,
683 5544 927 5617 consociatissima,

135 5645 277 5715 inpernioo,
289 5644 414 5711 dilapido,
429 5641 549 5712 dispolio,
564 5653 668 5703 marso,
683 5653 836 5703 sanatam,
847 5652 926 5692 cass·

136 5749 208 5804 pero,
223 5733 359 5798 estimato,
373 5742 553 5795 commemoro,
569 5743 678 5793 marso,
688 5729 813 5792 retribae,
827 5725 925 5780 coristi·

136 5834 190 5896 tao,
203 5821 452 5891 instituerentur,
476 5819 614 5894 concupio,
625 5818 734 5892 desipio,
747 5817 871 5886 escario,
886 5819 926 5890 {e-

930 5323 939 5352 ,
992 5327 998 5338 .

989 527 1024 582 iia
1037 527 1165 598 Virgilius
1180 527 1208 584 in
1223 530 1371 585 tetrasticis
1387 531 1565 589 theatralibus
1581 552 1588 589 :

1081 619 1122 671 Sic
1134 632 1176 671 ros
1186 633 1235 672 noa
1247 623 1317 673 robis
1331 620 1474 674 melililcatis
1484 635 1558 688 apea;

988 702 1125 774 depenero,
1139 704 1269 772 attracto,
1285 704 1432 777 suppedito,
1446 707 1619 778 quadripedo.
1636 709 1787 782 virgilius·

1018 796 1224 861 Quadmpedaute
1236 806 1335 862 putrem
1346 812 1419 850 cursu
1431 803 1508 864 quaht
1517 802 1607 865 ungula
1618 816 1740 868 campan.

1023 879 1054 936 ii.
1070 879 1129 948 Quo
1142 890 1219 950 pacto
1226 895 1313 952 quate
1320 881 1424 938 ratione
1435 882 1563 940 diuiditur
1571 900 1646 955 poan
1658 887 1784 956 primasi

987 997 1021 1009 -
1035 968 1071 1025 ti.
1086 970 1214 1042 sescupla
1227 972 1359 1028 divisione
1372 972 1527 1043 dirimitur,
1541 976 1606 1032 dam
1621 987 1792 1047 cnrctseotts

987 1059 1126 1116 divisionis
1140 1063 1233 1132 regula
1245 1072 1272 1120 et
1286 1062 1366 1134 dupla
1380 1072 1408 1120 ei
1421 1064 1514 1134 tripla.

1024 1149 1055 1204 it.
1071 1150 1144 1217 Quot
1166 1160 1288 1223 tempora
1300 1153 1456 1211 moderator
1480 1154 1550 1212 artis
1564 1165 1610 1211 aut
1633 1157 1737 1215 thesisi
1751 1187 1783 1202 ·-

988 1237 1023 1293 ii.
1039 1237 1114 1295 hrsia
1130 1240 1210 1297 trium
1225 1249 1376 1314 temporum
1389 1242 1553 1312 dominatur,
1563 1246 1648 1302 thesis
1656 1247 1793 1323 duorum,

986 1331 1049 1402 qaia
1061 1335 1272 1407 antepenultima
1286 1345 1365 1393 acuto
1380 1338 1513 1408 proiortur
1525 1349 1647 1398 accentu.

1246 1425 1286 1484 llo
1299 1443 1388 1500 pteoae
1399 1431 1521 1485 secando.

1023 1516 1053 1572 it.
1070 1518 1109 1574 lla
1138 1519 1245 1576 nomina
1256 1521 1291 1576 ad
1310 1536 1432 1591 pannem
1445 1524 1592 1579 secondum
1609 1529 1783 1595 pertinentia.

987 1638 1022 1650 -
1033 1608 1068 1666 ii.
1082 1607 1212 1678 Potentia,
1225 1614 1371 1683 frequentia
1382 1654 1390 1681 ,
1401 1614 1512 1681 colonia,
1533 1618 1690 1687 crepacula,
1706 1637 1784 1676 mnae

986 1701 1058 1771 caio,
1073 1703 1223 1772 sororcaia,
1246 1704 1358 1772 diocaia,
1371 1704 1538 1770 domancaia,
1552 1706 1700 1778 iopaaealo,
1716 1712 1787 1783 pach

951 1792 1179 1864 bisimbnaoria,
1195 1810 1331 1868 puerpera,
1348 1797 1494 1866 pecaecaia.
1512 1797 1703 1859 Uibonencas:

1193 1887 1300 1940 horeum
1310 1890 1332 1940 sl
1344 1887 1407 1947 loric
1419 1891 1550 1954 pecuscula
1563 1900 1644 1944 restra

1093 1945 1210 2000 inciderit
1216 1964 1224 2013 ;

986 2031 1049 2086 item
1064 2032 1223 2101 iopaacaias,
1238 2034 1406 2104 pedancahtr,
1423 2035 1657 2103 transnominaret
1672 2041 1781 2096 hamata·

985 2120 1036 2184 cio,
1048 2119 1090 2174 vel
1106 2122 1274 2187 itomaliaiaa,
1291 2132 1338 2178 aut
1359 2124 1499 2190 homelias,
1515 2135 1545 2181 ut
1566 2126 1682 2183 Cicero:
1708 2129 1781 2185 ello·

984 2210 1085 2266 mallus
1098 2226 1133 2267 es
1150 2213 1244 2283 argilla
1255 2222 1283 2270 ot
1296 2213 1351 2269 luto
1379 2214 1469 2270 licias.
1487 2235 1497 2269 ι
1514 2215 1666 2288 damalius,
1677 2218 1711 2275 ad
1725 2236 1782 2275 anr-

985 2302 1160 2371 piribrachum
1174 2304 1299 2373 pertinet.
1311 2303 1389 2360 Solet
1402 2306 1483 2360 eiiam
1511 2321 1587 2377 paeon
1610 2308 1747 2365 secundus
1761 2325 1777 2364 s

984 2393 1158 2462 superlativis
1168 2393 1297 2464 gradibus
1307 2395 1421 2451 deriuari
1433 2396 1478 2452 ubi
1500 2398 1670 2467 geminantur
1683 2416 1697 2454 r
1708 2400 1749 2454 rei
1766 2400 1780 2455 i.

984 2485 1089 2554 litterae,
1102 2495 1197 2540 uinces
1210 2487 1360 2554 acerrimas,
1375 2495 1446 2542 oetas
1460 2490 1619 2544 ueterrimas.
1634 2488 1778 2562 virgilius·

1168 2584 1308 2638 veterrima
1316 2587 1410 2647 laurus,

1073 2644 1206 2711 Religioue
1215 2653 1310 2711 patrum
1319 2647 1408 2700 multos
1416 2659 1511 2702 serrata
1518 2664 1564 2714 per
1573 2664 1649 2702 anuos
1660 2664 1668 2703 a

984 2749 1106 2818 quamvis
1117 2750 1239 2821 analogia
1250 2751 1340 2822 erigat
1355 2762 1383 2808 ut
1393 2752 1511 2822 epitheta
1526 2752 1552 2807 in
1575 2771 1588 2809 r
1603 2753 1788 2811 terminantia.

982 2838 1174 2907 superlativum
1188 2841 1349 2910 gerrrinatar
1372 2843 1458 2896 littora
1482 2852 1658 2913 promantur,
1679 2852 1787 2900 attalem

982 2929 1142 2996 teterrimae,
1166 2931 1251 2985 creber
1278 2931 1467 3000 creberrimas;
1495 2932 1566 2990 uode
1600 2936 1795 3005 antiquissimi

982 3034 1035 3074 non
1049 3031 1118 3074 oetas
1131 3021 1178 3077 sed
1190 3030 1267 3091 eamr,
1283 3030 1313 3078 ui
1337 3021 1441 3078 Ennius
1460 3041 1465 3076 :

960 3146 967 3168 o
1031 3107 1090 3160 Cum
1100 3116 1170 3162 teter
1179 3111 1293 3162 occubuit
1304 3110 1413 3162 Priamus
1423 3114 1469 3165 salt
1480 3112 1557 3164 llario
1568 3113 1688 3181 Pelasgo,

137 3183 235 3238 ierom
249 3183 307 3237 hacc
323 3187 429 3238 nomina
453 3197 506 3238 nott
526 3182 559 3238 sd
576 3194 695 3250 pmortenr
712 3179 826 3249 primam
844 3180 929 3248 perii·
959 3184 967 3206 ¹

983 3192 1055 3267 tripes
1067 3194 1231 3264 ttipcrrimas,
1245 3196 1322 3250 miser
1335 3196 1494 3253 miserrimas
1508 3237 1518 3267 ,
1533 3199 1599 3254 celer
1612 3200 1787 3272 celerrimae,

982 3285 1054 3358 piper
1067 3287 1229 3359 pigerrimos,
1241 3296 1311 3342 tener
1321 3291 1482 3357 terterrhaas,
1504 3298 1531 3346 ui
1542 3290 1570 3346 in
1582 3291 1699 3348 basilion
1710 3308 1778 3350 cart-

982 3385 1037 3432 tnsn
1052 3387 1113 3434 cst:
1568 3392 1573 3402 '

1105 3491 1179 3551 Quasi
1190 3494 1338 3546 vermiculus
1346 3493 1575 3556 ligniienerrimus.

980 3596 1045 3650 llam
1055 3613 1152 3666 pauper
1163 3598 1351 3668 pattperriotas,
1363 3606 1390 3655 ci
1399 3599 1505 3670 paicher
1515 3601 1704 3669 palchersimas
1713 3603 1787 3661 iotti·

979 3683 1792 3759 comajorimaneipaotur.Excipiootursnomaiasirtistisssa.

911 3824 917 3836 .
980 3785 1007 3833 ci
1022 3777 1150 3834 dextimae
1170 3793 1284 3850 quorum
1300 3781 1432 3852 primitiva
1446 3791 1508 3837 sunt
1526 3783 1629 3837 sinister
1642 3792 1668 3838 et
1680 3783 1791 3847 data..

982 3869 1060 3928 Unde
1089 3869 1234 3930 Sallustius
1260 3871 1490 3943 historiographus
1525 3873 1552 3928 in
1587 3872 1774 3944 iugurthino:

983 3978 993 4014 s
1007 3961 1080 4033 Sylla
1094 3961 1206 4034 (inquit)
1226 3977 1289 4020 cum
1304 3965 1423 4035 equitatu
1444 3964 1514 4035 apud
1528 3965 1661 4020 destinans
1674 4005 1681 4031 ,
1696 3966 1726 4020 in
1738 3966 1781 4021 si·

982 4059 1064 4105 rttstra
1079 4062 1155 4120 parto
1166 4053 1269 4108 lisilius
1279 4068 1340 4107 cum
1352 4055 1546 4109 laudatoribus.
1561 4071 1572 4107 t
1600 4053 1665 4109 Natu
1680 4069 1783 4113 secati·

980 4138 1044 4193 dum
1056 4140 1615 4210 analogiametststerrtmao,citatissimo
1623 4146 1774 4207 diceretur.

981 4228 1045 4281 licat
1057 4228 1205 4298 facillimas,
1219 4229 1389 4299 procidimus,
1409 4229 1591 4300 humillimas,
1619 4234 1794 4305 simitibuaa„

980 4316 1120 4386 apiliintus.
1131 4316 1266 4373 lieuiralia
1281 4333 1388 4390 quoque
1401 4318 1427 4374 in
1440 4321 1508 4375 itanc
1518 4322 1638 4391 regulam
1649 4323 1781 4396 rediguu·

983 4418 1036 4475 tur,
1051 4417 1082 4464 ut
1095 4408 1261 4478 opascaiam,
1276 4410 1462 4482 majascttiam,
1477 4413 1651 4478 itoiascaiam‚
1667 4430 1780 4485 crepas·

944 4500 1068 4564 oculum
1083 4539 1093 4569 ,
1108 4503 1274 4575 pecascaiam
1297 4502 1385 4572 (cuius
1406 4502 1510 4572 plurale
1528 4503 1584 4573 jam
1603 4506 1791 4581 protulimus&

979 4591 1119 4657 piucttiam,
1134 4591 1287 4662 pericaiaor,
1299 4589 1439 4645 silemiam.
1455 4591 1509 4647 hec
1523 4591 1662 4648 nonciiam
1676 4594 1705 4651 iu
1715 4612 1779 4656 ret·-

979 4684 1073 4740 borum
1086 4683 1173 4741 modis
1185 4696 1214 4740 et
1225 4682 1349 4753 personis
1366 4697 1397 4738 ac
1421 4692 1570 4753 temporum
1584 4684 1779 4744 declinationi·

979 4779 1029 4834 hus
1043 4777 1113 4834 idem
1128 4790 1205 4848 peon
1220 4773 1355 4846 reperitur
1379 4774 1495 4831 insertus
1512 4777 1623 4846 aprima
1644 4776 1777 4850 copiam.

979 4870 1062 4934 tione,
1073 4882 1133 4937 quse
1149 4866 1177 4922 iu
1192 4865 1347 4939 pyrrhichio
1371 4865 1530 4934 digessimus
1546 4881 1553 4931 ;
1567 4865 1610 4922 rei
1638 4868 1786 4937 soconda„

979 4976 1038 5030 ntra
1049 4960 1078 5016 io
1087 4957 1222 5015 tribracho
1237 4968 1358 5028 ternpore
1380 4956 1479 5024 lutaro,
1502 4966 1531 5013 ut
1544 4957 1686 5012 amabimus
1699 4975 1780 5019 amoq

978 5052 1047 5116 bitis,
1059 5050 1187 5105 beabimus
1197 5048 1314 5115 beabitis,
1326 5048 1467 5104 meabimus
1489 5047 1616 5115 meabitis,
1631 5049 1777 5107 creabisrss

978 5143 1105 5210 creabitis,
1115 5142 1260 5198 casobimas
1269 5140 1402 5209 cooabt'iis,
1408 5143 1546 5197 secabimus
1558 5142 1715 5196 secabiliah
1730 5156 1775 5197 so·

978 5236 1067 5293 cunda
1083 5234 1118 5292 de
1131 5234 1225 5291 aciiris
1244 5244 1273 5292 ai
1282 5235 1464 5304 neutralibus,
1478 5246 1508 5290 ιιι
1519 5234 1663 5289 docebimas
1674 5232 1779 5289 derebi·

979 5338 1021 5388 ιιι.
1032 5325 1190 5396 siapebimas
1201 5324 1346 5394 stupebitis,
1362 5325 1500 5394 patebimus
1514 5323 1639 5396 iacebitis,
1654 5322 1776 5379 stetisses

979 5416 1085 5486 ciebitis,
1106 5417 1245 5488 sipetintas
1268 5416 1391 5488 rigebitis.
1418 5415 1541 5483 Pataita,
1560 5415 1723 5477 communia.
1746 5423 1777 5473 cl

980 5509 1141 5577 deponentia
1158 5514 1272 5575 utroque
1292 5520 1405 5562 numero
1434 5505 1617 5570 concordant,
1643 5502 1776 5572 doceberis

979 5601 1110 5656 docebitur
1122 5599 1280 5662 doceminor,
1293 5598 1433 5655 medeberis
1445 5598 1585 5652 medebitur
1603 5596 1773 5656 audebisasr,

979 5694 1099 5766 fateberis
1111 5693 1233 5765 fatebitur
1241 5692 1391 5764 fatebimur,
1410 5693 1531 5750 amcbmis
1544 5691 1668 5746 osrcbitsr
1676 5691 1774 5745 ameti-

979 5807 1046 5848 mar.
1061 5788 1107 5850 sie
1119 5796 1148 5848 ei
1166 5803 1183 5848 a
1196 5788 1283 5847 lorma
1295 5787 1457 5860 inchoaiira,
1481 5787 1529 5847 sed
1543 5797 1692 5856 atemoore
1704 5799 1777 5860 pre·
