3832 6114
760 211 1023 271 consuluimus
1050 210 1149 268 ltltt‘t.

585 318 751 334 m
1045 320 1244 328 nam—*wne-

774 445 858 490 alluo
882 444 996 487 bouttttt
1020 444 1137 486 tttlcxt.

332 603 1572 866 CONSTANTINU&

734 966 925 1033 ROMANUS
948 967 1163 1032 construit.

316 1222 533 1303 NOTtht
556 1152 836 1298 *tllsuottlct
865 1214 919 1292 lli
948 1215 1358 1294 CONSTANTINUM
1389 1217 1571 1294 Papum.
1690 1166 1696 1172 ι

754 1470 819 1535 (ιιι.
832 1471 923 1523 coortu
939 1483 971 1522 ex
984 1472 1057 1521 verns
1068 1458 1137 1532 luo.)

171 1720 184 1784 ἐ
198 1715 615 1788 uunsunrlnucnstlonosyms,
624 1730 656 1775 en
666 1724 740 1784 patre
749 1714 880 1782 trienne.»
889 1729 932 1771 se·
947 1716 972 1777 Α
986 1711 1095 1783 poribus
1109 1711 1267 1778 lustrnranr,
1284 1708 1436 1781 Philippici,
1450 1718 1477 1768 et
1492 1710 1624 1767 dnartasli
1636 1713 1757 1784 luguen.

134 1815 265 1869 ditannos
278 1818 381 1881 reptem
393 1808 415 1877 ¹,
431 1807 489 1863 dies
498 1802 678 1877 quindecim.¹
693 1804 752 1861 l'nit
761 1811 849 1860 autuu
861 1813 928 1860 tem·
983 1819 1052 1859 rum.
1067 1802 1114 1858 llir
1129 1802 1206 1859 ualde
1220 1799 1386 1870 mitissimus,
1398 1801 1474 1872 cujus
1486 1801 1650 1873 temporibus
1664 1803 1690 1860 in
1706 1803 1775 1863 urba

745 1913 940 1971 ltmsnres
958 1913 1157 1972 Lectiones.

190 2014 257 2072 eod.
273 2013 336 2069 Luc.
350 2011 397 2078 lt,
410 2010 473 2065 Sea.
1017 2006 1028 2038 ¹
1046 2005 1089 2061 ΔΙ.
1104 2018 1159 2063 cm.
1174 2003 1291 2060 Μήτι...
1306 2005 1489 2077 deputatorum.

795 2096 975 2155 lablotlbtt
995 2095 1109 2154 NO'lAE.
1539 2107 1546 2117 ·

169 2197 223 2251 ·l.
238 2192 430 2251 constantinam.
457 2191 613 2260 Quanquam
628 2189 716 2244 minus
726 2187 839 2256 diligens
854 2188 924 2243 rorte
978 2205 1031 2259 que
1046 2189 1216 2254 imperatoris
1238 2204 1325 2245 armus
1341 2207 1347 2242 :
1363 2203 1423 2244 eum
1451 2188 1523 2244 euim
1536 2188 1679 2259 liqueutea
1695 2193 1773 2250 dna·

135 2278 295 2335 temporum,
323 2277 474 2331 ancepsque
498 2260 631 2316 sententia
653 2258 781 2315 Codicum
796 2258 923 2314 hariolari
979 2261 1063 2315 stasio
1075 2259 1226 2328 pontillrern
1240 2258 1316 2328 Cpoli
1327 2258 1437 2313 Romam
1450 2259 1561 2314 rediisse
1570 2274 1640 2314 aurun
1650 2260 1715 2329 777,
1727 2265 1773 2321 rila

135 2335 279 2404 compellat
292 2333 478 2400 Clrronolnqcr
496 2331 711 2400 praestantiores,
730 2339 818 2384 tamen
830 2331 923 2399 prrcsi·
978 2329 1014 2386 ut
1037 2329 1161 2386 Octobris
1181 2329 1290 2392 mensis,
1303 2343 1337 2383 ac
1352 2337 1411 2398 post
1425 2342 1532 2383 meuses
1548 2340 1602 2384 tres
1617 2331 1769 2390 nuntiatam

135 2408 180 2462 rlio
223 2403 364 2472 nandoque
390 2402 489 2458 reterls
510 2401 676 2457 monumenti
691 2407 850 2456 astruuntur
863 2413 925 2469 quus
978 2400 1061 2456 luisse
1096 2400 1187 2455 Romae
1205 2400 1308 2454 cedem
1332 2397 1500 2463 iustiniani,
1521 2399 1598 2467 cuins
1624 2400 1768 2467 irnperio·

134 2486 182 2531 aot
204 2421 288 2531 Sabin
311 2473 453 2532 alllrmata.
468 2479 514 2525 ant
528 2470 646 2540 opinioni
661 2471 738 2525 alteri
756 2470 866 2539 praelata
881 2479 923 2524 te·
978 2470 1144 2545 Philippices
1155 2478 1338 2537 usurpaverat,
1354 2471 1465 2525 minime
1479 2469 1591 2550 dubium
1606 2479 1648 2525 est
1661 2470 1769 2530 [lenem-

135 2561 210 2602 mere
235 2543 404 2599 videbantur.
432 2541 546 2596 Perinde
569 2551 611 2595 est
635 2540 668 2593 dc
683 2539 836 2607 primordiis
850 2537 924 2594 Con·
978 2539 1020 2600 bri
1043 2555 1135 2596 mense
1161 2539 1282 2610 ejusdcm
1306 2541 1368 2595 autri
1384 2540 1433 2595 777
1450 2538 1769 2599 Ι1ιιιιιιιίιιιιιιιιιοιιιιοΙι-

134 2617 247 2671 sunttnt
268 2613 417 2683 pontificma
441 2626 502 2666 curu
528 2613 599 2666 enim
615 2609 744 2678 predicta
757 2607 810 2665 duo
824 2609 928 2664 incom-
976 2618 1138 2674 truncatum.
1163 2624 1194 2664 ac
1208 2608 1320 2679 proinde
1335 2624 1405 2664 anno
1419 2609 1591 2672 tumentem
1604 2624 1696 2665 mense
1710 2610 1765 2668 lle·

139 2687 217 2740 rrroda
249 2686 327 2738 ratde
358 2695 499 2749 operosam
529 2679 697 2735 reddiderim
723 2677 926 2749 chronologiam
977 2682 1091 2748 recubu,
1112 2681 1229 2749 curpissc
1255 2680 1351 2735 iterum
1363 2683 1496 2750 imperare
1506 2693 1567 2735 cum
1582 2679 1690 2736 ‘liberio
1701 2679 1768 2752 ilic,

138 2751 308 2821 superiorum
335 2752 414 2805 trium
434 2749 599 2817 pontillcnm,
615 2747 740 2818 idemque
755 2759 866 2819 pergant
882 2747 926 2803 la·
975 2749 1047 2821 quod
1070 2761 1143 2808 recte
1164 2749 1245 2807 etiam
1261 2749 1356 2820 l’aqius
1372 2753 1508 2817 observat,
1519 2749 1651 2807 aduersus
1662 2753 1770 2820 opinio·

136 2839 200 2878 cere
224 2824 251 2876 in
274 2821 352 2890 liujus
373 2829 401 2876 et
411 2819 532 2891 Gregorii
548 2819 568 2874 ll
591 2819 716 2876 aetatibus
726 2819 926 2889 consignandis,
976 2836 1039 2878 nem
1064 2821 1211 2877 doctissimi
1234 2820 1390 2886 cardinalis,
1418 2821 1464 2891 qui
1493 2819 1600 2875 biennio
1619 2823 1765 2892 imperium

138 2891 249 2948 aliunde
274 2899 476 2947 rnorrumcntum
499 2899 578 2947 retur
590 2889 757 2946 demonstrat
769 2901 855 2945 utram
867 2889 927 2960 opl·
977 2900 1066 2963 auget.
1082 2891 1171 2961 Quare
1183 2907 1254 2946 anuo
1276 2890 1434 2946 victoriane
1449 2890 1551 2959 periodi
1568 2893 1690 2963 repetite
1702 2891 1768 2961 750,

139 2964 246 3018 uioneut
273 2969 383 3032 praestet
406 2959 493 3031 sequi.
514 2960 613 3015 docens
628 2959 725 3029 vulgati
736 2959 842 3016 Codicis
852 2960 926 3015 Aua·
944 2961 1148 3057 „btonystrna
1172 2961 1235 3027 709,
1259 2962 1286 3016 in
1310 2975 1390 3017 cursu
1416 2972 1473 3016 erat
1492 2970 1604 3031 quartus
1627 2962 1771 3034 utriusque

136 3034 211 3088 stasii
224 3031 408 3102 depositiones
419 3031 601 3100 praeterendas
613 3032 645 3086 iis
654 3045 715 3101 quae
725 3031 752 3084 lu
763 3044 828 3086 mss.
839 3029 925 3087 codd.
981 3032 1151 3101 imperatoris
1173 3046 1274 3097 anuus;
1295 3045 1356 3100 quae
1369 3030 1403 3086 ad
1418 3031 1547 3101 majorem
1560 3033 1660 3086 veteris
1673 3047 1773 3088 monu-

137 3107 272 3171 lcpnntur.
290 3101 490 3157 Monumentum
503 3114 568 3156 uero
582 3109 670 3157 exstat
681 3101 707 3155 in
722 3101 845 3170 catalogo
855 3112 927 3168 raeps
980 3103 1064 3160 menti
1089 3102 1291 3170 intelligentiam
1314 3101 1385 3157 dieta
1410 3101 1585 3170 accipiantur.
1600 3101 1677 3158 Nune
1691 3116 1771 3169 nero.

111 3208 121 3226 .
136 3173 245 3229 larundam
268 3170 427 3236 Veronensi,
441 3171 536 3240 aquati
551 3180 644 3227 eorum
655 3183 816 3243 temporum,
831 3171 876 3241 qui
891 3171 927 3225 ita
976 3172 1050 3241 litata
1076 3173 1135 3242 eius
1161 3171 1252 3237 tidem,
1275 3185 1307 3227 ea
1324 3186 1468 3243 persequar
1482 3170 1584 3241 quaead
1599 3172 1772 3230 Constantini

136 3243 216 3298 lrabet
240 3259 246 3296 :
266 3241 356 3297 Primo
379 3257 449 3295 otrrro
473 3241 636 3313 pontificatus
663 3242 719 3307 ejus
738 3238 928 3311 (Constantini)
979 3241 1161 3311 pontiilcatum
1187 3243 1313 3297 attinent.
1333 3241 1407 3307 iure,
1421 3249 1542 3311 ulpatet,
1558 3242 1772 3312 mirabanquou

136 3315 274 3385 implentur
288 3313 349 3366 rnmi
360 3311 439 3367 ende
449 3313 555 3381 repetito
569 3313 641 3382 cyclo
658 3311 776 3376 Victorii,
792 3310 882 3365 indict.
899 3312 926 3379 7,
979 3312 1065 3367 doctis
1088 3313 1190 3382 aliqnut
1210 3311 1274 3367 uiris
1291 3311 1348 3367 risa
1362 3310 1460 3368 luerint
1474 3314 1619 3380 repetenda
1634 3311 1771 3368 Cornan·

136 3400 206 3436 unno
231 3384 325 3454 primo,
347 3381 450 3437 Tiberio
463 3383 603 3450 imperante
614 3397 671 3436 cum
683 3379 832 3437 Iustiniana
845 3390 926 3450 poce.
979 3381 1026 3437 tini
1042 3381 1212 3448 primordiae
1230 3396 1322 3437 mense
1338 3382 1476 3437 Decembri
1490 3381 1555 3436 anni
1568 3383 1620 3437 707
1636 3396 1774 3455 :namque

138 3453 200 3508 Tria
215 3451 248 3509 ex
260 3453 379 3523 pretioso
394 3453 444 3506 noc
460 3462 634 3508 monumento
648 3451 821 3507 innotescunt
847 3452 929 3575 900-
978 3450 1014 3506 ita
1028 3451 1087 3522 ejus
1105 3467 1191 3507 annus
1211 3453 1314 3520 primus
1332 3467 1392 3507 com
1407 3449 1459 3506 700
1472 3452 1584 3509 minime
1600 3461 1704 3522 poterat
1718 3467 1772 3507 nu·

138 3524 231 3578 sertim
253 3523 323 3593 quod
336 3521 486 3577 lllctoriaua
502 3522 627 3591 periodus
643 3521 779 3577 hauddum
794 3536 846 3590 apu
877 3520 929 3575 ltu·
979 3523 1092 3585 merari:
1121 3530 1150 3576 ut
1173 3527 1262 3576 autem
1288 3535 1319 3576 ea
1347 3530 1420 3577 recte
1437 3523 1634 3576 constituantur
1648 3521 1775 3591 sequenti

140 3593 180 3648 los
194 3591 382 3662 desueverat).
403 3608 462 3662 quae
484 3606 534 3662 epo
560 3592 678 3647 breviter
693 3605 848 3660 persequar,
865 3590 927 3660 quia
978 3605 1049 3645 urrno
1074 3592 1137 3656 708,
1151 3590 1328 3659 spectandum
1342 3599 1384 3646 est
1398 3589 1635 3660 interpontificium
1652 3602 1711 3658 post
1727 3590 1776 3647 st·

140 3679 229 3719 mcum
252 3664 402 3719 institutum
413 3662 558 3733 attingunt.
574 3663 672 3718 'l'ribus
685 3662 751 3717 illud
766 3660 928 3717 characteri·
977 3661 1107 3716 sisinium.
1132 3660 1188 3715 lloc
1203 3659 1331 3728 pontifice
1344 3660 1481 3730 repentina
1495 3670 1582 3714 morte
1593 3660 1723 3724 obeunte.
1738 3673 1775 3718 ae

139 3735 189 3789 bus
212 3745 362 3803 temporum
382 3733 487 3805 insigne
509 3742 553 3789 est
567 3749 576 3789 t
590 3733 682 3806 Cyclo,
692 3746 740 3788 aeu
756 3731 868 3800 periodo
881 3729 928 3786 lli·
977 3730 1021 3785 die
1033 3729 1050 3784 7
1076 3730 1211 3786 Februarii
1224 3744 1295 3784 armo
1309 3728 1363 3785 708
1377 3728 1409 3783 ιο
1421 3738 1545 3785 sanetum
1558 3729 1668 3784 Petrum
1683 3730 1773 3801 depc-

136 3805 266 3870 ctorlans.
296 3804 451 3874 indictione,
476 3813 502 3861 ct
520 3804 693 3876 imperatore.
708 3801 867 3858 victorianae
882 3815 930 3871 pc·
977 3800 1304 3867 sito,racaottapustoltca
1316 3799 1394 3856 sedes
1409 3814 1530 3856 mensem
1546 3814 1641 3862 unum.
1662 3809 1691 3852 ιιι
1707 3806 1776 3857 unna·

139 3874 206 3928 riodi
233 3877 355 3941 repetitas
379 3889 465 3930 annus
486 3872 538 3928 750
558 3890 620 3929 cum
648 3873 774 3929 Kalendis
795 3871 930 3928 ianuariis
980 3871 1046 3926 nimi
1073 3885 1207 3927 consensu
1230 3884 1326 3926 ornnes
1350 3868 1438 3926 codd.
1450 3880 1477 3924 et
1489 3869 1604 3938 catalogi
1616 3869 1727 3935 liabent,
1739 3883 1776 3927 ac

137 3943 204 3998 ilion
224 3943 305 3996 rianse
325 3942 377 3996 700
386 3943 489 4007 incipit.
509 3943 586 4008 liam,
600 3951 630 3997 ut
644 3945 749 3998 erudito
759 3943 833 3996 card.
851 3941 930 3998 Nuria
979 3942 1037 4001 dies
1052 3956 1129 4004 ιιιιι,
1144 3950 1174 3997 ut
1188 3940 1282 4011 legitur
1297 3942 1323 3996 iu
1336 3941 1457 4009 catalogo
1476 3940 1590 3995 bucensi
1610 3948 1639 3994 et
1655 3949 1775 4009 quatuor

136 4012 179 4078 (rie
201 3959 278 4079 dycta
304 4009 400 4065 Porcb.
429 4010 507 4091 dou..
532 4026 591 4076 cup.
615 4011 645 4079 Ξ)
656 4021 751 4090 contra
763 4009 935 4081 scaligerum
979 4013 1152 4077 (wibertinis,
1181 4027 1229 4066 seu
1256 4026 1313 4075 ιιι,
1334 4019 1364 4065 ut
1377 4011 1456 4065 lrobet
1470 4009 1644 4065 colbertinus
1655 4011 1773 4079 primus,

135 4083 314 4149 demonstrat,
335 4080 495 4151 principum
519 4079 578 4149 ejus
607 4080 708 4148 perrodl
729 4087 835 4146 oportet
850 4079 931 4133 desu·
979 4081 1146 4150 codicesque
1168 4079 1276 4150 Regios,
1295 4081 1454 4146 llazuriuus,
1467 4079 1643 4146 Tbuanns‚et
1656 4079 1773 4134 Atubro·

139 4167 214 4206 mere
239 4152 273 4203 ab
295 4165 365 4205 antro
390 4149 522 4220 passionis
544 4149 608 4203 iesu
623 4147 724 4203 tibristi
736 4147 869 4203 bissextili
881 4145 928 4214 28,
979 4150 1047 4204 siaul
1062 4151 1115 4203 duo
1130 4151 1231 4218 primus
1247 4157 1275 4201 et
1285 4159 1391 4212 tertius,
1405 4161 1566 4206 coeterorum
1585 4151 1774 4206 auctoritatam

137 4220 214 4289 cujus
228 4219 356 4274 lialendre
370 4217 503 4274 ianuarias
518 4219 566 4272 ier.
582 4217 610 4284 5,
628 4218 729 4275 Pasclra
745 4233 761 4273 r
776 4215 835 4272 lial.
848 4218 928 4284 Ara,
980 4218 1039 4274 dics
1062 4218 1157 4272 decem
1171 4217 1324 4272 addentium
1340 4234 1400 4274 csse
1416 4221 1590 4290 rejiciendam
1602 4224 1718 4274 docente
1728 4220 1776 4279 die

138 4292 208 4344 lunre
218 4289 295 4358 cyclo
306 4288 349 4351 70,
366 4302 417 4357 qua
432 4297 486 4343 tuta
498 4289 618 4344 resoluta
632 4285 924 4358 expletursnuusbdil,
980 4287 1122 4343 emortuali
1136 4288 1315 4347 Constantini.
1331 4287 1432 4357 Quare,
1451 4306 1512 4346 curu
1527 4299 1587 4359 pust
1610 4288 1771 4359 interponti-

135 4372 190 4424 quo
214 4365 291 4412 erant
318 4356 445 4412 Kalendae
465 4356 597 4415 ianuarias
620 4358 671 4415 ier.
696 4359 725 4427 l,
742 4359 844 4414 Puselra
855 4358 924 4413 ldib.
940 4349 963 4412 C
979 4358 1068 4414 licium
1084 4357 1162 4412 unius
1181 4359 1290 4420 mensis,
1304 4361 1451 4414 audieram
1463 4375 1541 4424 ιιιιι,
1554 4359 1664 4416 Sisinuii
1681 4373 1776 4416 emor·

136 4430 215 4496 Apu,
236 4427 305 4482 luna
329 4428 405 4496 cyclo
415 4428 442 4481 0.
458 4427 637 4495 Quamobrem
652 4428 774 4499 sequenti
787 4443 858 4481 annu
871 4426 924 4483 560
979 4428 1042 4483 toali
1057 4427 1183 4493 esclusa,
1196 4441 1244 4483 scu
1260 4442 1318 4493 ιιι,
1333 4429 1427 4484 cadem
1443 4430 1556 4496 inclusa,
1571 4428 1775 4486 latobrlarltee

136 4510 203 4552 rrora
230 4497 363 4551 revolutio
377 4497 479 4565 incipit,
494 4496 606 4566 eiusque
619 4512 705 4553 annus
720 4498 872 4554 lbilllucrc
886 4498 928 4552 in·
977 4498 1013 4554 25
1038 4498 1125 4553 llartii
1156 4513 1216 4555 cum
1236 4498 1372 4557 bomiuler
1388 4514 1421 4553 ec
1431 4514 1503 4555 auno
1515 4501 1645 4556 bissextili
1660 4512 1774 4555 counr-

136 4567 202 4637 cipit
226 4580 287 4623 curu
314 4581 385 4623 auno
401 4567 562 4636 llionysiano
576 4567 638 4633 700,
655 4582 709 4637 quo
724 4583 758 4623 ex
770 4567 854 4621 allato
870 4581 928 4621 mo·
978 4582 1051 4635 rens,
1066 4567 1189 4625 eumdem
1200 4576 1306 4623 cunstat
1317 4568 1478 4625 ordinationi
1489 4571 1624 4639 pontilicis
1633 4567 1776 4640 assiguan-

138 4646 268 4694 rrumeuto
295 4637 322 4692 iu
345 4651 425 4692 cursu
448 4646 507 4693 crat
518 4638 618 4704 primus
646 4652 732 4692 annus
756 4636 926 4692 Constantini
977 4637 1038 4692 dum
1062 4651 1132 4694 esse.
1159 4639 1231 4693 idern
1254 4639 1363 4708 quippe,
1380 4648 1520 4709 postquam
1540 4640 1610 4696 sedit
1624 4653 1710 4694 annos
1723 4650 1775 4707 ιιι,

138 4723 223 4777 papam
254 4708 366 4763 indictio
389 4716 478 4762 autem
502 4708 517 4760 7
539 4721 600 4761 curn
618 4708 731 4774 eoeperit
745 4721 760 4760 a
775 4706 927 4774 Septembri
978 4707 1271 4772 diesxu.excorrscnsu
1280 4708 1398 4763 onmium
1406 4713 1589 4780 catalogorum
1599 4707 1773 4776 etcorllcnm,

138 4788 230 4834 mense
254 4779 317 4834 anni
332 4776 396 4844 708,
412 4777 482 4833 baud
496 4776 577 4832 dubie
591 4778 727 4831 corrcurrit
738 4792 799 4831 cum
816 4774 868 4831 750
879 4791 925 4845 pe·
979 4793 1122 4847 paucorum
1157 4779 1261 4834 dierum
1294 4778 1448 4835 discrimine
1475 4782 1502 4834 in
1522 4794 1615 4836 corum
1639 4777 1775 4847 aliquibus

137 4849 205 4905 riodi
235 4848 405 4915 victorianae,
427 4858 455 4903 et
469 4847 522 4902 700
536 4847 715 4919 Dionysiana.
731 4846 770 4902 ttd
784 4847 929 4914 imperato·
951 4877 954 4884 ·
978 4857 1136 4904 occurrente
1147 4850 1290 4917 susdeque
1301 4849 1440 4913 lrabendo‚
1454 4849 1541 4905 ultius
1552 4853 1630 4917 ripn..
1643 4863 1691 4904 seu
1702 4848 1775 4904 dieii

139 4934 195 5042 ίιιξὲιι
202 4919 281 5042 1quod
295 4928 409 4989 spectat,
419 4933 503 4974 annos
514 4925 715 4973 mouumentum
725 4930 778 4972 nou
792 4924 926 4984 numerat,
979 4918 1099 4989 ciusdem
1112 4920 1223 4984 mensis.
1235 4919 1330 4974 indict.
1347 4921 1391 4984 ld,
1407 4934 1466 4988 quas
1479 4934 1578 4975 annuru
1592 4917 1693 4973 iudicat
1706 4914 1777 4982 tta.

140 5058 274 5112 nonnullis
284 5061 437 5126 imperium.
449 5059 520 5130 quod
535 5058 663 5114 baronius
676 5074 721 5113 au.
735 5056 840 5123 700,οι
853 5056 929 5112 Grae·
980 5059 1159 5114 l'rclrorisuus
1184 5060 1263 5128 alter,
1283 5059 1420 5125 tarensis,
1436 5069 1464 5114 et
1478 5059 1665 5121 Farncsianus.
1676 5055 1776 5127 qulbus

138 5140 230 5179 currum
256 5127 404 5182 Annalibus
423 5128 597 5198 Tlrecpbauc,
613 5138 641 5183 et
651 5127 773 5183 cedreno
786 5135 927 5193 memorat,
979 5130 1138 5198 astipulatur
1160 5131 1297 5199 catalogus
1321 5129 1449 5184 Lucensis
1473 5131 1544 5186 diern
1568 5130 1776 5183 emortualema

140 5203 262 5251 testatur.
291 5198 362 5261 Quin
383 5198 512 5251 baronius
538 5215 597 5253 cum
626 5199 734 5254 'liberio
756 5196 928 5253 Theodoram
979 5201 1123 5268 sepulture
1136 5211 1229 5269 aperte
1243 5199 1422 5268 distinguens,
1435 5199 1498 5254 dum
1513 5197 1689 5267 diellprjt.
1700 5211 1775 5252 mor-

139 5267 279 5335 coniugem
295 5265 425 5334 imperiali
442 5281 539 5321 corona
557 5270 710 5337 insignitam
720 5267 927 5334 abluentium,
981 5280 1033 5326 tem
1058 5270 1225 5326 Constantini
1248 5267 1397 5340 consignat.
1412 5270 1588 5340 Totidemque
1598 5274 1776 5325 numerantur

139 5339 230 5391 statim
256 5343 336 5405 atque
361 5338 531 5404 recuperarit
555 5339 707 5406 imperium,
723 5337 822 5392 ibidem
836 5337 926 5404 docet,
1700 5337 1775 5393 adio

140 5408 211 5475 quod
236 5407 269 5462 de
290 5405 398 5460 Tiberio
408 5407 543 5474 conceptis
558 5408 598 5460 lde
612 5409 700 5461 uerbis
715 5408 812 5462 Paulus
827 5407 929 5461 iliaco-

140 5491 191 5530 uus
215 5477 267 5548 (lle
291 5475 361 5530 Gerr.
391 5475 486 5545 bouq..
512 5476 555 5529 lib.
578 5491 685 5545 ur„rup.
700 5477 747 5542 32)
763 5477 926 5532 tradiderat:
1017 5473 1030 5512 ¹³
1045 5476 1117 5531 Sedit
1132 5491 1212 5532 orrnos
1225 5483 1331 5542 septem.
1348 5472 1400 5528 Sea
1414 5471 1492 5527 aunis
1509 5480 1672 5527 unctantum
1681 5483 1776 5526 menso

140 5542 279 5613 imperauit
299 5559 383 5600 cutem
405 5544 567 5600 Jortr'nr'nnus
585 5562 644 5600 runt
659 5547 713 5614 filio
729 5546 929 5601 libertoiuloe
980 5556 1007 5601 ct
1033 5547 1077 5602 die
1111 5546 1313 5602 Constantinum
1337 5543 1428 5599 sedem
1456 5543 1631 5611 apostoticam
1652 5541 1775 5599 tenuisse

138 5620 250 5672 secundo
261 5621 315 5674 nire
326 5634 406 5673 orrum
428 5631 483 5674 aer.
499 5617 565 5674 iiiuc
584 5616 927 5688 lucileuguosciturutrius·
982 5626 1055 5673 recte
1066 5617 1160 5688 probat
1176 5616 1313 5673 lluronios.
1329 5615 1386 5670 Bru.
1401 5624 1424 5668 et
1439 5613 1521 5669 Ltus.

225 4989 299 5044 rberii
314 4991 360 5045 lilii
371 4989 430 5060 eius
440 4988 467 5043 in
476 4989 642 5044 consortium
658 4987 734 5042 asciti
748 4985 928 5059 neglectuma
980 4990 1115 5055 occubuit,
1136 4997 1167 5044 ιιι
1189 4999 1262 5044 recte
1287 4985 1443 5043 Anastasius
1471 4990 1610 5061 uulgatus,
1638 4997 1666 5044 et
1685 4985 1775 5043 (7000.
