3832 6114
136 277 200 335 ron
234 281 275 348 Q
337 243 340 246 ⁴
523 270 553 327 s.
575 259 1358 325 aurausuanrnasrtnsnntnnrsrusonans
1639 301 1643 307 -
1701 268 1778 327 rare

135 390 163 446 ln
179 387 346 442 victimarum
365 393 470 451 quoque
486 379 620 449 obsequiis
644 379 771 444 carnalis,
795 378 858 432 binc
879 391 922 433 sa·
936 378 959 435 Α
974 376 1121 433 solitudine
1141 385 1277 446 peractum
1298 371 1441 444 ieiunium,
1467 373 1505 428 ad
1525 381 1625 429 terram
1651 373 1722 432 lacte
1745 388 1774 432 et

134 489 236 534 eratum
251 473 390 545 injurium,
404 472 478 526 illino
507 473 670 538 crapulatum
688 470 807 525 ostendit
827 469 925 523 convi—
977 469 1057 524 urelle
1079 476 1233 523 manantem
1246 466 1416 538 perveniunt.
1431 463 1496 520 lude
1509 465 1580 533 uuod
1595 480 1649 520 uos
1662 482 1777 536 puerque·

134 569 218 622 vium.
243 564 296 619 Nos
311 579 375 617 verti
390 562 450 631 quia
472 561 527 628 jam
541 561 688 614 carnalium
702 561 871 614 victimarum
886 559 927 612 in·
976 558 1148 629 prrarlraginta
1173 556 1267 610 diebus
1293 564 1356 609 ante
1379 555 1604 609 resurrectionem
1633 555 1660 609 iu
1687 557 1773 611 absti-

134 659 251 728 gluviem
267 671 299 710 er
316 663 370 707 toto
385 655 547 722 respuimus,
563 663 685 720 superest
700 661 732 706 ιι
751 651 786 706 de
799 649 926 721 spiritalis
978 651 1067 706 uetula
1082 649 1234 712 custoditis,
1246 648 1279 702 ad
1289 647 1439 716 itrbiloeum,
1455 645 1500 717 qui
1515 655 1556 701 est
1570 658 1662 702 anons
1678 647 1774 702 remis·

136 750 203 822 le'gls
214 747 317 819 jujunio
331 746 430 815 aliquid
445 745 594 812 loquamur.
978 742 1062 796 sionis
1074 742 1221 809 plenusque
1233 738 1421 808 jucunditatis,
1437 737 1626 807 pertingimus.

175 843 218 899 lb.
232 839 299 908 erid
315 839 384 892 euim
400 837 471 890 alirud
493 843 535 889 est
548 834 650 894 dicere,
664 834 721 886 llun
737 833 857 900 occides,
873 847 926 886 uon
1018 830 1121 886 tameo
1131 831 1197 886 libet
1208 831 1304 885 intueri
1312 829 1375 899 quid
1385 828 1569 897 significantia
1579 829 1777 899 desermnpuae

137 936 279 1001 furaberis,
295 948 348 987 non
372 930 466 983 l'alsum
482 929 664 982 testimouium
687 927 771 990 dices,
788 941 841 979 rron
865 941 928 979 rou·
980 937 1091 988 amarae,
1105 922 1205 991 quidve
1218 931 1357 988 serpentes
1370 919 1446 991 igniti
1461 938 1467 972 z
1484 920 1656 990 primumque
1669 937 1723 976 non
1735 925 1777 976 iu·

139 1027 262 1095 cupisccs
285 1039 340 1078 retu
364 1020 477 1090 proximi
501 1021 550 1085 tui,
565 1033 614 1073 uec
627 1019 793 1074 desiderabis
817 1032 928 1073 uxorem
981 1013 1172 1068 convenienter
1186 1012 1321 1067 aestimare
1335 1025 1496 1080 possumus,
1514 1011 1576 1080 quia
1590 1010 1664 1065 sicut
1677 1026 1778 1066 manue

140 1115 209 1184 eltis,
224 1128 276 1167 uon
293 1126 411 1176 serrum,
435 1125 489 1163 non
513 1109 649 1173 ancillam,
674 1124 727 1162 uon
743 1109 850 1173 bovem,
877 1123 928 1162 non
982 1104 1045 1158 illud
1060 1117 1114 1172 quo
1129 1102 1206 1168 plebs
1219 1100 1333 1157 ludaico
1351 1101 1519 1166 vescebatur,
1537 1108 1568 1155 ιι
1581 1109 1676 1156 sancta
1692 1111 1780 1155 testa·

143 1199 598 1266 ovem,nonasinnm,necomnia
616 1214 675 1268 quae
697 1198 859 1265 illiussunt,
881 1197 931 1252 arisi
983 1200 1026 1246 tur
1044 1191 1213 1255 auctoritas,
1239 1204 1292 1243 non
1321 1204 1406 1256 ιιιιιιιι
1438 1189 1620 1259 euutdemqoe
1649 1204 1775 1259 saporem

28 1318 33 1328 ·
141 1295 275 1364 prroddam
303 1294 400 1346 atrimae
423 1292 555 1361 jejtrnium
582 1291 739 1361 imponere?
759 1293 854 1345 ennon
871 1305 933 1345 rere
983 1283 1188 1340 comedentibus
1203 1283 1328 1352 praestitit
1339 1321 1347 1348 ,
1359 1290 1439 1351 atque
1455 1281 1508 1336 boc
1522 1281 1568 1335 alil
1581 1281 1614 1335 ad
1631 1281 1724 1336 ιιΙιιίι
1737 1283 1780 1338 in-

139 1386 254 1458 leiuunt,
269 1389 314 1454 qui
330 1394 359 1437 ut
370 1383 447 1438 bouis
462 1384 601 1445 irtbtereat,
618 1399 632 1435 a
648 1382 726 1436 malis
736 1382 870 1437 destitisti
880 1381 932 1436 Sed
984 1383 1161 1439 creuteutnm,
1172 1372 1216 1426 alil
1227 1388 1291 1428 vero
1302 1372 1336 1427 ad
1347 1371 1633 1442 salutisdispendinm;
1647 1374 1784 1428 sicetiam.

145 1487 176 1535 nt
190 1478 241 1533 boc
256 1475 376 1544 decalogi
387 1475 517 1544 ieiunium
537 1475 563 1528 iu
577 1474 816 1545 quadragenarium
830 1481 932 1541 surgat,
987 1466 1038 1520 illae
1053 1478 1129 1534 aquae
1143 1464 1205 1520 aliis
1224 1463 1354 1520 exstitere
1366 1464 1470 1530 dulces,
1483 1472 1565 1533 atque
1578 1464 1640 1521 aliis
1656 1480 1776 1520 amarae:

144 1573 251 1635 oportet
273 1572 302 1618 ut
324 1580 338 1616 ι
363 1564 441 1632 louge
458 1561 523 1616 Nori
547 1561 712 1615 Testamenti
730 1562 803 1629 jussa
818 1569 932 1630 presto·
985 1573 1096 1627 nostrum
1108 1557 1232 1613 videlicet
1244 1558 1474 1612 amarititudiuem
1486 1557 1524 1612 illi
1537 1571 1706 1627 ιιιιιιιιιιι
1716 1573 1785 1612 seu-

146 1655 225 1722 trus,
251 1655 411 1724 potandoque
445 1652 478 1706 ad
510 1653 682 1721 Evangelium
711 1662 809 1706 currat.
841 1651 935 1704 Veniat
986 1649 1134 1718 seruntqui
1145 1649 1273 1704 salutaris
1291 1650 1356 1718 ligni
1372 1648 1492 1704 remedia
1511 1649 1665 1718 intelligere
1679 1659 1783 1717 potue-

143 1761 209 1817 ergo
224 1747 329 1817 lloyses
341 1757 365 1800 et
382 1742 454 1799 Elias
475 1742 509 1797 ad
534 1743 676 1797 Dominum
700 1753 825 1811 tanquam
851 1741 891 1796 Ιιι
908 1750 936 1794 et
952 1715 971 1773 Β
987 1751 1057 1806 ruant,
1078 1740 1116 1795 illi
1135 1751 1225 1796 autem
1240 1751 1384 1797 senserunt
1398 1742 1444 1810 qui
1459 1742 1519 1795 sine
1533 1740 1586 1795 lide
1605 1755 1701 1809 aquam
1717 1750 1785 1794 tan*

146 1837 285 1908 propbetia
300 1838 333 1889 ad
351 1833 535 1903 Evangcllum,
552 1833 597 1888 lrut
621 1833 776 1901 decalogum
793 1839 937 1900 quaterna·
979 1833 1199 1890 tumbauseruut.
1222 1834 1269 1890 Sic
1291 1833 1440 1904 quinqueni
1458 1842 1563 1887 tautum
1583 1846 1598 1886 a
1619 1839 1786 1900 serpentum.

147 1936 216 1991 tnur,
243 1925 385 1981 concludet
409 1925 476 1979 iutra
502 1940 558 1978 ιιι
583 1923 783 1991 praedicationis
805 1922 935 1974 arrabitum
987 1925 1120 1979 morsibus
1133 1925 1222 1979 sanari
1237 1934 1381 1993 potuerunt
1392 1923 1438 1992 uui
1452 1930 1608 1992 serpentem
1619 1936 1723 1975 cneum
1737 1935 1781 1975 at·

145 2025 232 2072 tntum
247 2031 295 2083 per
308 2025 438 2084 qrrartuor
451 2016 578 2069 cardines
592 2014 653 2068 coeli
677 2012 704 2065 in
726 2014 819 2066 electis
842 2013 937 2065 orbem
988 2016 1139 2084 picieutes,
1162 2017 1317 2086 mysterium
1342 2014 1467 2069 lideutins
1483 2015 1679 2076 attenderunt,
1702 2025 1779 2065 sacra

147 2116 290 2171 terrarum,
314 2114 342 2161 et
369 2107 395 2159 iu
421 2115 534 2175 utroque
560 2105 732 2159 Testamenta
760 2119 775 2156 a
805 2103 936 2173 principio
988 2106 1442 2175 Scripturapronuntiante,qnod
1463 2118 1516 2159 uon
1539 2103 1781 2173 perbocquisutse

149 2213 234 2268 nsqrrc
248 2198 281 2251 ad
296 2197 376 2250 linem
392 2198 568 2266 quadraginta
584 2197 687 2251 dierum
706 2195 837 2265 jejumum
857 2210 937 2264 appa·
990 2196 1037 2265 qui
1052 2196 1160 2251 videbat
1173 2196 1340 2250 sanabatur:
1358 2195 1426 2248 acsi
1441 2202 1535 2263 aperte
1549 2193 1705 2258 diceretur,
1727 2207 1780 2245 arou

148 2295 208 2342 reat
230 2295 427 2341 consecratum.
450 2285 498 2342 ille
521 2288 619 2342 etenim
644 2286 817 2354 quadraginta
842 2285 938 2340 diebus
990 2302 1037 2356 per
1052 2286 1183 2356 lroorpuod
1197 2285 1264 2341 ioris
1277 2287 1350 2355 juxta
1367 2286 1482 2341 litteram
1495 2285 1616 2354 patebat,
1627 2284 1675 2337 sed
1688 2298 1735 2353 per
1747 2284 1781 2336 il-

152 2380 264 2448 mystice
277 2377 391 2446 ieiunat,
407 2379 450 2445 qui
466 2392 513 2445 prr
526 2388 640 2447 qrratuor
654 2379 739 2431 sancti
756 2378 890 2445 Evangelii
907 2378 938 2431 li·
990 2378 1033 2432 lud
1049 2380 1118 2448 quod
1135 2379 1208 2432 intus
1222 2377 1249 2432 in
1268 2386 1437 2432 sacramento
1452 2377 1561 2430 latebat.
1577 2375 1649 2442 Qurid
1665 2390 1730 2442 ergo
1742 2375 1784 2427 sl-

154 2465 218 2522 bros
238 2467 396 2534 spiritaliter
420 2469 503 2536 legem
530 2468 663 2531 ulnervot,
686 2468 732 2537 qui
757 2467 783 2520 in
806 2466 939 2535 diligendo
989 2468 1116 2539 guilicant
1126 2483 1317 2538 aquaeumarae,
1326 2467 1376 2521 nisi
1390 2466 1568 2520 adversitates
1579 2463 1660 2533 bttjus
1671 2461 1784 2516 saeculi?

151 2555 205 2610 beo
229 2567 257 2610 et
285 2557 405 2624 prorium
428 2556 569 2609 clrnritatis
591 2556 652 2625 jura
685 2564 836 2610 conservat.
862 2555 939 2611 Unde
990 2561 1023 2627 de
1037 2560 1133 2627 utribus
1148 2560 1273 2613 nimirum
1288 2558 1362 2612 solus
1375 2557 1420 2613 ille
1441 2556 1560 2610 indebite
1573 2556 1711 2626 gustarit,
1736 2553 1788 2621 qni«

148 2647 276 2713 scripturn
292 2657 351 2700 est:
368 2645 508 2699 Plenitudo
524 2645 588 2716 legis
601 2654 638 2699 eat
655 2646 758 2699 dilectio
773 2645 863 2714 (liora.
878 2661 938 2715 ιιιι,
990 2660 1019 2705 ιι
1031 2651 1056 2705 in
1070 2650 1208 2704 dexteram
1223 2649 1308 2703 Patris
1320 2647 1415 2702 sedens
1426 2655 1561 2713 regnaret,
1573 2646 1607 2700 de
1620 2655 1739 2699 torrente
1755 2646 1789 2697 iu,

150 2739 207 2805 ιθ).
224 2739 291 2793 lluic
306 2751 329 2793 ιι
349 2738 476 2792 ῠιιιιιίιιιι
487 2754 547 2792 cum
560 2741 585 2791 in
598 2737 742 2804 Evangelio
756 2739 859 2794 diceret
872 2754 879 2792 z
893 2737 939 2791 ttt-
990 2741 1031 2795 via
1045 2740 1120 2795 bibit.
1136 2739 1199 2794 lude
1210 2748 1251 2794 est
1263 2738 1332 2808 pseud
1346 2738 1406 2793 lelle
1420 2736 1533 2802 albatus,
1546 2735 1608 2790 iude
1621 2736 1692 2802 quod
1704 2747 1791 2788 recto.

149 2829 199 2900 lipe
214 2827 352 2880 Dominum
368 2828 449 2880 benur
473 2837 545 2880 tnnnr
566 2845 597 2881 eu
618 2838 670 2881 toto
693 2832 771 2882 eorde
793 2839 848 2895 tuo,
871 2841 894 2883 ιι
908 2844 940 2883 ea
991 2843 1117 2904 potatus,
1134 2833 1196 2887 inde
1209 2831 1279 2900 quod
1296 2832 1354 2899 pius
1367 2829 1489 2883 conditor
1503 2837 1530 2882 ιι
1549 2827 1606 2882 sitit
1620 2827 1693 2896 quod
1708 2841 1786 2878 arna·

149 2930 202 2975 torn
221 2919 308 2973 nrrintu
330 2927 385 2980 tna,
401 2927 424 2970 rt
439 2933 470 2970 ιι
491 2927 545 2970 totu
568 2919 660 2970 uirtute
682 2929 735 2971 tua.
759 2921 873 2982 lieren,
900 2922 939 2974 in·
991 2940 1049 2979 rum
1064 2936 1106 2979 est
1121 2965 1129 2988 ,
1145 2933 1173 2978 et
1185 2937 1308 2977 oritarum
1324 2930 1435 2992 gustans
1448 2919 1505 2973 ait:
1521 2917 1731 2973 consummatum
1746 2927 1785 2971 ert

150 3012 257 3082 quietus,
273 3010 383 3076 priorum
398 3017 421 3061 et
436 3009 576 3060 musinium
599 3007 749 3059 naundutnut
773 3007 800 3060 in
818 3008 882 3077 lege,
896 3024 938 3060 se·
991 3015 1082 3082 (loun.
1101 3031 1157 3077 ιιι,
1173 3013 1232 3081 50).
1249 3013 1326 3069 Unde
1337 3021 1427 3066 autom
1441 3025 1517 3080 annu
1531 3024 1625 3063 aruarae
1640 3008 1669 3062 in
1683 3007 1784 3061 dulce·

150 3101 262 3154 eundum
285 3112 371 3153 narem
396 3100 479 3151 simile
501 3107 538 3150 est
563 3097 621 3149 lanio
642 3112 651 3150 :
671 3095 769 3166 Diliges
792 3098 938 3166 precinunt
992 3104 1054 3158 dine
1069 3119 1165 3168 versae,
1182 3105 1233 3158 nisi
1246 3119 1279 3159 ιι
1296 3083 1459 3157 admistione
1471 3100 1589 3154 salutaris
1603 3099 1681 3167 ligni.
1699 3098 1785 3151 [letri-

152 3200 224 3244 tuunr
246 3201 366 3257 tunquam
385 3199 408 3240 te
429 3189 525 3254 iprum,
542 3189 669 3242 contiuuo
691 3187 807 3255 subjecit
823 3187 876 3241 :in
898 3188 938 3243 iris
990 3212 1043 3266 quie
1057 3212 1117 3251 cum
1142 3204 1324 3251 ruurmnraret
1348 3194 1462 3264 populos
1476 3193 1555 3248 lsrael
1579 3201 1690 3259 propter
1704 3203 1788 3259 aqna

150 3278 248 3335 dnobus
261 3279 391 3347 preceptis
407 3288 458 3330 totu
472 3279 513 3332 les
527 3278 618 3349 pendet
641 3287 665 3332 et
689 3278 819 3348 prophetie
830 3277 937 3346 (limais.
990 3288 1196 3342 auraritnalluem
1211 3329 1218 3352 ,
1233 3286 1359 3341 clamauit
1372 3286 1478 3356 lliugses
1492 3284 1525 3339 ad
1548 3282 1714 3344 Dominum,
1738 3279 1787 3349 uni

152 3387 216 3436 sarr,
232 3372 289 3442 bil.
305 3371 425 3426 Custodit
439 3387 502 3427 vero
518 3373 574 3428 baec
588 3373 641 3427 dno
652 3388 756 3428 summa
774 3383 854 3441 at'pue
871 3389 938 3442 ιιι·
989 3378 1108 3432 ostendit
1124 3379 1150 3432 ei
1166 3377 1279 3444 lignum,
1294 3375 1443 3444 quodcum
1468 3373 1629 3428 misissetis
1644 3387 1739 3440 aquas,
1755 3373 1782 3424 in

150 3467 227 3536 clpoa
243 3464 378 3528 rnaudota,
390 3464 511 3535 quisquis
534 3477 618 3521 totum
644 3468 773 3523 abborret
791 3468 862 3537 quand
878 3470 937 3522 uni·
989 3468 1159 3523 dulcedinem
1184 3481 1269 3521 versae
1285 3474 1358 3521 suut.
1376 3467 1462 3536 ipsum
1479 3466 1602 3533 prolecto
1622 3475 1664 3517 est
1682 3464 1783 3530 liguum

152 3570 221 3610 mam
245 3553 347 3609 inducit
369 3554 402 3608 ad
421 3555 510 3609 caruis
520 3557 665 3619 desideria,
679 3557 753 3626 utria,
769 3567 799 3612 ιι
820 3557 938 3613 laeander
989 3560 1052 3613 vitae
1068 3559 1095 3612 in
1111 3558 1235 3626 paradiso
1252 3556 1309 3623 liei,
1331 3556 1419 3622 ipsum
1435 3555 1507 3625 quod
1522 3556 1674 3624 plantutum
1687 3562 1724 3606 est
1738 3567 1782 3607 se·

150 3646 250 3703 ait:St'
263 3647 319 3717 gnis
333 3647 415 3715 diligit
431 3648 570 3712 mnndum,
592 3664 644 3700 non
660 3657 697 3701 est
717 3647 830 3701 aduritur
853 3647 938 3704 Putris
989 3664 1037 3706 cus
1061 3651 1195 3705 decursos
1226 3663 1368 3718 aquarum,
1398 3647 1528 3701 llonrluns
1554 3647 1681 3700 videlicet
1706 3643 1784 3697 lesus

151 3739 178 3792 in
191 3741 254 3798 illo.
271 3739 390 3808 purnium
403 3753 477 3790 omne
490 3739 559 3802 auno
571 3739 598 3791 in
618 3739 714 3791 nunde
734 3748 781 3803 est,
799 3741 937 3806 concupis·
988 3738 1110 3796 cbristus
1125 3740 1194 3792 beus-
1208 3749 1234 3792 et
1250 3738 1330 3791 bomo
1344 3734 1498 3806 perlectus,
1521 3733 1557 3790 de
1569 3748 1624 3802 urm
1639 3733 1718 3787 etiam
1733 3732 1782 3787 Sa·

150 3829 232 3883 sentin
246 3829 330 3882 cornis
352 3837 399 3893 est,
415 3840 439 3881 ιι
462 3830 668 3895 coucupiscentia
690 3831 834 3892 oculorum,
849 3839 873 3883 ιι
893 3847 938 3883 stt-
990 3834 1080 3886 lomon
1095 3831 1161 3887 dicit
1175 3849 1181 3885 ε
1197 3829 1290 3884 Βιιιιι
1306 3831 1381 3883 dorne
1394 3831 1440 3900 gni
1454 3829 1551 3882 insanit
1567 3829 1735 3898 rapientium,
1750 3827 1782 3880 ti·

150 3920 235 3989 perdiu
249 3921 306 3972 nitte
324 3917 349 3990 (l
364 3918 443 3972 lours.
461 3933 492 3985 tt,
508 3919 565 3988 tit).
587 3920 659 3976 Betre
679 3935 743 3987 crgo
759 3921 889 3975 Dominus
911 3922 937 3976 in
989 3943 1065 3995 gnum
1077 3925 1134 3978 titoe
1148 3934 1184 3977 cst
1197 3923 1237 3975 ltir
1247 3924 1291 3992 qni
1305 3922 1497 3992 uppretrerulenr
1508 3931 1607 3986 enm,et
1619 3920 1664 3988 pai
1677 3919 1782 3973 tennerit

150 4022 198 4063 sua
224 4009 457 4063 transloruratiuue
484 4008 594 4080 Moysen
627 4019 656 4065 et
683 4010 767 4064 Elium
795 4012 937 4083 erlribnit,
988 4032 1044 4069 eunr
1060 4016 1146 4068 leatus
1158 4011 1245 4082 (Pron.
1256 4027 1296 4078 nt,
1312 4012 1368 4080 llll.
1382 4012 1462 4066 llissu
1474 4011 1555 4078 igitur
1570 4011 1645 4075 ligno
1662 4012 1686 4063 iu
1701 4023 1782 4076 aqtras

149 4111 218 4168 qnos
234 4098 270 4153 ob
291 4099 492 4168 significandum
514 4102 627 4169 gratiam
652 4104 690 4156 rei
706 4102 801 4158 intorte
825 4104 851 4157 in
865 4105 937 4174 jeju·
988 4120 1105 4168 amaras,
1122 4119 1182 4158 mos
1199 4105 1225 4157 iu
1239 4103 1407 4158 dulcedinem
1418 4102 1783 4172 vertiturquiduuidamari·

151 4193 240 4246 nando
261 4193 313 4247 sibi
329 4194 429 4249 similes
445 4194 517 4256 lecit,
533 4205 663 4262 quatenus
678 4197 782 4251 scilicet
801 4200 939 4266 utriusque
989 4196 1088 4251 tudinis
1103 4195 1203 4250 babere
1216 4195 1375 4260 videbatur;
1391 4195 1452 4264 qula
1465 4194 1590 4248 videlieet
1604 4193 1671 4249 dnm
1686 4194 1785 4249 uostris

152 4279 316 4336 Testamenti
333 4283 400 4335 lacta
416 4285 569 4350 concordia,
585 4285 659 4352 joma
674 4285 837 4349 praemissam
861 4286 937 4340 iutel-
989 4289 1206 4365 tribulationibus
1222 4288 1311 4356 passio
1337 4289 1405 4341 beati
1421 4285 1574 4340 llediatoris
1591 4288 1780 4354 permiscetur,

154 4370 270 4440 ligentiac
285 4375 413 4439 regulam,
435 4377 590 4430 ostenderet
608 4393 701 4432 ornnes
724 4378 757 4432 ad
775 4379 854 4433 vitam
871 4394 936 4449 prm·
954 4380 1094 4467 „pondus
1109 4379 1247 4448 gravitatis
1259 4392 1351 4432 carum
1368 4379 1481 4432 levatur.
1498 4377 1552 4432 Sed
1564 4377 1707 4432 sciendum
1724 4377 1783 4445 quir

153 4463 312 4522 eraliuatos,
340 4460 366 4513 in
389 4461 438 4513 bac
454 4467 672 4532 peregrinationis
685 4483 802 4523 aerurnua
826 4472 938 4539 paradra·
987 4473 1062 4541 justa
1088 4472 1254 4540 premissam
1284 4470 1423 4538 parvitatis
1450 4479 1549 4524 nostrae
1577 4468 1780 4540 intelligentiam

151 4547 223 4615 ginta
247 4547 349 4602 dierum
374 4548 504 4619 jejunium
532 4567 579 4620 per
603 4556 763 4610 breviarium
788 4561 865 4628 legis,
882 4575 937 4630 qum
989 4562 1049 4616 aliis
1062 4576 1160 4616 amarae
1173 4560 1616 4630 perseverant,aliisdulcediuem
1631 4559 1782 4631 aqrraesub·

151 4640 256 4707 gerrrina
281 4647 361 4710 atque
387 4641 538 4711 evangelica
563 4643 796 4701 demonstraretur
815 4650 936 4718 dilectio,
989 4652 1163 4715 ministrant;
1179 4651 1241 4706 binc
1255 4659 1298 4705 est
1313 4650 1384 4720 quod
1402 4666 1484 4705 ornum
1499 4651 1627 4705 eumdem
1651 4652 1784 4719 passionis

151 4745 258 4799 semper
270 4732 414 4787 observare
427 4734 536 4803 debere,
551 4750 610 4803 apuu
624 4736 713 4803 utique
731 4738 849 4794 ettonis
864 4742 939 4796 iude·
988 4742 1097 4802 calicem
1112 4743 1157 4797 alli
1167 4750 1306 4812 appetunt,
1322 4743 1367 4795 alii
1378 4742 1521 4811 relugluut.
1534 4741 1785 4812 sppetuutseitieet

149 4820 269 4878 sinentes
287 4823 429 4890 iulraerere,
454 4834 481 4879 ct
502 4840 516 4878 a
538 4828 616 4880 malis
640 4829 850 4899 omnitempore
874 4831 939 4886 lacit
987 4830 1244 4900 qrribusatnaritudo
1257 4828 1787 4899 iltiusdutcisrsreretugiumrerequi-

149 4913 293 4968 declinare.
989 4921 1038 4976 bns
1048 4936 1137 4975 amara
1149 4921 1303 4990 displicent,
1315 4931 1444 4988 appetunt
1454 4922 1498 4990 qni
1507 4931 1653 4990 angustum
1665 4922 1716 4976 iter
1726 4936 1785 4976 car·

186 5007 229 5060 tt.
244 5006 296 5060 Sed
310 5021 360 5061 uec
373 5008 437 5063 illud
450 5010 556 5065 silentio
572 5014 786 5081 praetereundum
808 5014 935 5069 existimo
990 5024 1073 5086 puut;
1098 5014 1243 5084 refugiunt,
1258 5016 1303 5085 qui
1328 5014 1380 5069 lata
1394 5024 1423 5068 et
1441 5017 1557 5084 spatiosa
1579 5016 1675 5071 muudi
1690 5015 1786 5069 itinera

148 5096 219 5164 estod
241 5094 268 5150 in
291 5112 383 5153 eremo
407 5101 522 5171 bloysos,
539 5103 565 5156 iu
580 5119 672 5158 eremo
696 5107 779 5170 Elias,
802 5107 829 5162 in
844 5121 936 5163 eremo
989 5108 1148 5175 voluptuose
1160 5115 1327 5175 percurrunt.
1339 5103 1500 5161 Soluseuim
1512 5104 1562 5160 ille
1573 5104 1785 5162 amaritudinem

147 5181 251 5254 leJnrrrt
269 5193 298 5239 et
311 5187 452 5256 Dominus,
467 5204 515 5258 per
529 5194 598 5260 quiid
622 5195 746 5249 nimirum
773 5199 851 5264 liujus
874 5204 937 5254 vitae
987 5214 1063 5269 aquare
1074 5195 1458 5266 nmtseutit,quidnlcedinem
1468 5195 1529 5265 ligni
1541 5196 1568 5249 in
1580 5210 1661 5265 aque
1672 5196 1785 5251 rotatio·

149 5272 327 5344 peregrinatio
342 5277 508 5346 designetur,
534 5280 561 5335 iu
585 5297 647 5351 qua,
674 5286 743 5340 sicut
765 5287 858 5342 beatm
882 5286 1305 5376 lobunemabiutinristrabit,
1319 5297 1344 5343 ιι
1359 5286 1788 5356 pvnilliosdnlcedlneqnodim·

148 5365 258 5435 indicat,
280 5368 332 5423 vita
355 5369 473 5425 bominis
498 5376 610 5428 tentatio
635 5390 696 5432 esse
721 5381 858 5446 prointus.
874 5380 937 5436 luds
988 5377 1786 5451 mittitur,bujusunaeineratamaritudnuouseutituraquia

147 5472 192 5517 est
208 5460 280 5530 quud
295 5460 322 5515 in
337 5476 428 5518 eretno
445 5479 521 5533 apum
536 5479 635 5522 arnarae
649 5477 678 5523 ιι
699 5469 774 5540 igniti
797 5481 861 5526 surrt
874 5487 935 5528 ser·
988 5474 1162 5546 videlicetuui
1171 5475 1248 5545 plene
1258 5473 1390 5543 degustat,
1401 5481 1603 5543 onaeetquanta
1615 5473 1789 5528 iutrasecre·

148 5560 253 5615 ιιιιιιι.
276 5553 341 5608 lude
362 5555 432 5625 quod
454 5556 499 5611 lrlii
524 5556 604 5616 lsrael
629 5568 690 5630 post
704 5572 808 5631 tempus
822 5564 936 5634 quadra·
988 5576 1044 5622 turn
1055 5566 1143 5622 crucis
1152 5564 1265 5622 dulcedo
1275 5564 1365 5629 lateat,
1377 5572 1472 5618 cuncta
1483 5577 1541 5633 qun
1551 5561 1628 5618 eruci
1648 5563 1786 5633 adjacent.

148 5636 218 5705 ginta
245 5657 387 5714 annorum,
414 5656 539 5718 tauquam
564 5651 739 5722 qnadraginta
767 5654 881 5720 dierum,
908 5656 934 5712 in
987 5660 1068 5715 etiam
1083 5673 1193 5723 amara,
1221 5655 1307 5713 dulcia
1321 5663 1405 5726 putat.
1419 5654 1495 5712 Unde
1508 5662 1537 5710 el
1550 5668 1627 5711 sacra
1642 5654 1787 5727 scriptun
