3832 6114
138 299 191 356 Sld

775 289 803 344 s.
826 285 1012 354 anciranus
1032 288 1132 344 tunm

1728 298 1780 355 uso

141 413 195 467 lllic
218 423 280 465 esse
303 406 402 474 sedes,
418 420 477 476 qvae
501 419 549 474 per
568 402 768 459 successionem
789 401 931 470 episcopos
944 397 969 457 d
984 409 1091 455 necant.
1107 403 1140 457 Ει
1151 405 1189 470 ιιι,
1207 415 1234 459 ut
1249 407 1347 476 quihus
1360 407 1386 463 in
1403 409 1591 464 remissionem
1607 418 1779 479 pcccatorum

141 508 306 566 riversantur,
322 508 348 552 et
360 497 464 566 populis
476 495 606 565 prsesint,
621 503 702 563 atque
714 491 741 547 in
756 492 852 562 qtvibus
866 504 935 559 prm·

141 589 283 647 dicationis
305 588 416 643 rerbum
441 585 569 656 subjectis
590 584 760 640 insinuetur:
789 582 816 637 id
840 590 891 647 est,
908 584 933 636 in

142 683 254 740 castello
268 680 338 751 quod
350 680 449 736 dicitur
462 678 629 748 Wirtzburg,
641 685 669 732 et
683 677 795 731 alterum
808 673 834 729 in
857 674 933 744 oppi-

138 774 255 845 doquod
271 774 427 828 nominator
441 771 579 839 buraburg
593 811 601 836 ,
617 770 727 826 tertium
752 769 778 825 in
804 769 864 824 loco
887 769 932 837 qui

140 867 239 922 dicitur
253 863 411 935 Erphesfurt
427 883 433 917 :
449 864 485 918 ita
507 872 536 918 ut
556 863 620 918 nulli
634 872 694 933 post
711 864 768 917 haec
782 862 862 917 liceat
875 861 933 915 cui-

139 975 219 1029 quam
235 959 294 1015 hec
319 973 406 1027 quea
431 956 509 1011 nobis
531 955 632 1010 sancita
646 963 709 1010 sunt
733 950 933 1024 quoquomodo

139 1051 325 1120 violareque
343 1048 504 1103 anctoritate
525 1046 597 1102 beati
621 1044 693 1102 Petri
716 1045 832 1116 apostoli
857 1044 933 1101 lirnta

138 1159 198 1200 csse
214 1144 394 1200 decrevimus.

176 1235 208 1292 ll.
229 1235 268 1292 De
282 1251 315 1292 eo
328 1245 418 1291 autem
433 1233 505 1305 qvvod
530 1233 609 1289 nobis
632 1229 780 1298 intimasti,
809 1230 880 1299 quod
906 1239 933 1288 to

139 1325 335 1383 tlmlomanuus
355 1328 425 1382 lilius
438 1337 530 1383 noster
541 1327 574 1382 ad
585 1326 730 1395 serogavit
748 1325 887 1391 accedere,
903 1335 933 1381 ut

139 1415 166 1470 in
183 1415 249 1471 urbe
260 1416 334 1486 regni
350 1416 513 1472 francorum
524 1457 532 1482 ,
545 1416 573 1470 in
587 1429 635 1471 sua
646 1415 751 1471 ditione
770 1415 830 1471 sivo
857 1423 933 1482 pote·

140 1514 210 1562 state
221 1507 377 1575 constituta,
398 1507 530 1579 synodum
543 1506 679 1562 celebrare
690 1505 801 1569 debeas,
816 1505 931 1576 eoquod

139 1596 227 1652 omnis
242 1596 422 1652 ecclesiastica
436 1594 528 1666 regula
542 1595 599 1651 siae
621 1593 760 1668 disciplina
782 1593 817 1650 ab
836 1593 931 1650 eadem

144 1684 280 1753 provincia
293 1685 411 1740 funditus
426 1696 467 1741 est
485 1684 595 1750 abolita,
620 1684 689 1753 quod
712 1682 792 1739 nimis
812 1697 931 1739 moeren-

986 486 1278 551 dehueruatluvacrum
1294 500 1505 568 regenerationis
1515 499 1686 569 impendere,
1697 508 1780 572 alens

985 580 1084 639 Christi
1098 598 1265 643 sacramenta
1280 589 1391 656 donare,
1406 606 1440 645 ne
1451 590 1477 646 in
1498 601 1628 647 aeternum
1649 594 1777 662 perisent,

986 675 1140 734 eorumdem
1152 679 1289 750 sacrilegis
1298 681 1421 737 manibus
1433 682 1482 752 ipsi
1494 683 1696 754 extinguantur.
1711 685 1777 754 Quis

984 768 1056 824 enim
1067 770 1172 840 sapiens
1186 771 1287 828 habens
1300 789 1348 830 eor
1360 789 1407 835 eos
1418 775 1534 830 estimet
1544 775 1714 841 sacerdotes,
1729 776 1775 845 qui

985 871 1072 928 neque
1086 874 1100 914 a
1114 859 1334 920 fornicationibus
1347 866 1502 932 abstinent,
1520 883 1607 937 tregue
1619 867 1654 922 ab
1668 867 1778 924 effusio-

984 961 1019 1003 ne
1030 953 1187 1022 sanguinum
1203 969 1298 1009 ruanns
1311 966 1423 1011 servant
1437 955 1578 1012 innoxias?
1604 957 1707 1026 Quisve
1730 973 1777 1014 eo·

984 1056 1043 1096 rum
1057 1044 1196 1101 sacrificiis
1210 1046 1293 1103 heum
1308 1047 1394 1104 credit
1417 1063 1479 1106 esse
1505 1050 1654 1120 placatum,
1671 1048 1777 1109 dicente

985 1130 1118 1202 Propheta
1136 1155 1144 1193 ;
1159 1135 1249 1192 Virum
1259 1142 1414 1210 sanquinem
1424 1152 1448 1195 et
1458 1142 1577 1197 dolosam
1587 1142 1777 1198 abominabitsr

984 1221 1111 1280 Doctrinae
1122 1226 1208 1298 (Psoi.
1224 1227 1272 1302 v)f
1284 1230 1330 1286 lsti
1343 1246 1474 1302 namque,
1489 1242 1517 1287 ιιι
1532 1234 1670 1305 praemisi,
1686 1249 1720 1290 ne
1732 1248 1776 1290 sa·

985 1322 1106 1379 cerdotio
1121 1323 1262 1394 inrigantur
1276 1367 1283 1392 ,
1297 1341 1384 1395 neque
1399 1325 1489 1382 divina
1503 1329 1664 1400 contingant
1677 1337 1775 1401 urgete·

984 1412 1035 1478 ria,
1047 1429 1257 1470 commonemus.
1272 1416 1405 1488 Quidquid
1419 1434 1482 1474 vero
1496 1419 1587 1483 aliud,
1616 1427 1648 1474 ut
1672 1420 1773 1476 dictam

984 1515 1036 1573 est,
1051 1522 1098 1563 eos
1121 1520 1215 1564 contra
1240 1509 1451 1567 eeclesiasticam
1479 1512 1599 1582 regulam
1627 1513 1775 1572 excessisse

984 1601 1129 1670 repereris,
1137 1617 1254 1660 canones
1268 1603 1325 1661 sive
1339 1606 1459 1662 instituta
1471 1617 1574 1677 patrum
1587 1623 1643 1679 prae
1655 1609 1775 1668 manibus

984 1690 1093 1760 habeto,
1108 1704 1135 1749 et
1145 1694 1223 1764 Juxta
1234 1695 1305 1764 cuod
1321 1696 1347 1751 in
1363 1697 1403 1752 eis
1414 1697 1525 1753 edoctas
1539 1698 1622 1754 fueris
1641 1697 1773 1757 deseos

144 1776 209 1830 tltltn
224 1785 285 1840 esf,
301 1776 371 1846 quod
386 1792 432 1847 pel·
445 1776 530 1846 spallit
543 1773 795 1846 terrtporumibidem
811 1774 930 1843 synodus
947 1753 970 1813 B
1019 1784 1063 1839 lv,
1081 1786 1118 1844 [le
1132 1800 1165 1841 eo
1187 1796 1276 1843 aulem
1292 1788 1363 1859 qllod
1384 1789 1430 1844 tibi
1446 1804 1629 1846 successorem
1650 1791 1776 1848 constitui

140 1867 432 1925 sacerdotumurininve
454 1869 587 1924 celebrata
613 1869 667 1933 sit;
693 1878 719 1923 ει
743 1867 795 1924 hoc
817 1868 931 1925 libenter

141 1958 330 2024 concedimus,
358 1969 384 2014 ct
397 1960 454 2015 fleri
475 1959 654 2030 precipimus.
679 1957 852 2030 llcqueeuim
866 1961 931 2030 quid

141 2053 177 2107 sit
189 2055 389 2120 sacerdotium,
406 2069 493 2125 traque
507 2053 572 2125 quid
586 2053 632 2108 fiat
644 2052 727 2109 abeis
741 2051 787 2122 qui
802 2066 832 2108 se
846 2066 931 2110 sacer·

139 2145 216 2200 dotes
231 2146 380 2212 nominant,
396 2147 575 2217 cognoscitur.

172 2236 216 2292 lll.
237 2236 290 2292 Sed
305 2236 380 2306 dom,
401 2237 510 2306 iuvante
535 2239 601 2305 Deo,
626 2253 686 2306 quae
708 2235 852 2308 apraefato
876 2238 931 2293 lilio

140 2336 233 2383 nostro
249 2329 381 2398 promissa
394 2338 457 2386 sunt
469 2329 637 2390 adelfectum
653 2329 783 2398 perducta
808 2328 908 2386 fuerint
921 2374 929 2400 ,

140 2430 237 2491 tuaque
254 2419 406 2476 fraternitas
431 2419 457 2475 ln
482 2429 631 2476 memerato
645 2419 759 2476 concilio
775 2419 931 2476 consederit

140 2526 201 2567 cum
217 2511 310 2566 eodem
330 2511 557 2567 excellentissimo
580 2511 647 2577 viro,
667 2513 689 2565 si
711 2525 778 2581 quos
801 2512 931 2580 repererit

138 2601 289 2672 episcopos,
303 2604 483 2674 presbyteros,
498 2612 543 2658 aut
553 2602 693 2668 diaconos,
706 2611 800 2657 contra
811 2616 930 2659 canones

137 2695 180 2749 sel
194 2703 292 2750 statuta
307 2704 411 2764 patrum
427 2698 585 2759 excessisse,
599 2695 624 2749 id
639 2706 690 2762 est,
707 2694 729 2749 si
745 2695 772 2750 io
798 2695 930 2750 adulterio

136 2782 180 2840 vel
196 2784 371 2842 fornicatione
385 2786 484 2841 invenci
500 2785 615 2852 fuerint,
628 2785 671 2840 vel
683 2786 706 2839 si
722 2785 812 2854 piures
827 2800 927 2840 uxores

137 2878 297 2944 habuerunt,
313 2887 358 2933 aut
371 2879 394 2933 si
405 2877 560 2947 sauguinem
575 2874 790 2931 Christianorum
808 2877 868 2931 sive
883 2890 929 2944 pa·

137 2983 265 3039 ganorum
281 2969 450 3033 effuderunt,
477 2977 489 3004 ι
512 2968 553 3025 rel
573 2968 653 3024 etiam
686 2968 746 3023 aliis
781 2967 928 3038 capitulum

136 3076 268 3118 canonum
283 3063 405 3119 obviasse
420 3076 465 3118 eos
478 3063 577 3133 reperit
592 3071 634 3116 tua
645 3061 785 3128 sanctitas,
800 3061 872 3117 nulla
885 3074 928 3116 ra-

136 3151 210 3206 tione
246 3152 392 3222 apostolica
427 3153 585 3208 auctoritate
612 3150 749 3221 permittat
775 3150 928 3206 sacerdotio

138 3241 292 3315 fungi,quia
306 3245 373 3301 tales
388 3261 403 3299 a
418 3260 467 3301 suo
478 3244 585 3316 proprio
608 3259 655 3300 ore
671 3243 731 3299 falsi
753 3244 928 3298 nominantur

138 3336 302 3403 sacerdotes,
317 3346 344 3392 et
357 3336 464 3408 pejores
474 3353 506 3393 ac
520 3338 669 3394 deteriores
682 3335 855 3392 secularibus
869 3350 931 3391 esse

140 3437 297 3499 noscuntur,
313 3430 399 3500 quise
424 3443 511 3498 neque
525 3444 540 3484 a
556 3429 787 3493 fornicationibus,
809 3442 896 3497 neque
915 3441 930 3481 a

138 3522 247 3580 nefariis
258 3523 439 3579 matrimoniis
452 3524 605 3588 abstinent,
622 3535 710 3591 neque
734 3517 768 3574 ah
792 3519 929 3574 hominum

136 3615 274 3686 sarrguinis
288 3613 418 3671 effusione
432 3629 526 3670 mantas
540 3620 649 3668 servant
663 3610 796 3667 innoxias.
826 3609 925 3676 Quales

136 3723 166 3764 se
179 3723 239 3764 esse
253 3709 406 3765 sacerdotes
417 3707 581 3774 existiment,
593 3715 637 3761 aut
646 3703 709 3777 quid
723 3703 786 3758 inde
797 3703 924 3769 sentiant,

136 3801 241 3858 dicente
253 3802 307 3859 fleo
318 3819 325 3856 :
337 3801 488 3858 Sacerdotes
500 3802 547 3856 atei
559 3800 635 3855 semel
643 3799 743 3854 nubant
756 3797 847 3870 (hesit.
859 3797 928 3866 xxa).

136 3897 170 3951 ιιι
189 3897 350 3965 apostotus:
366 3896 448 3952 Unius
462 3895 661 3961 aeorisoirsm,
679 3890 706 3965 (l
719 3891 788 3946 Tim.
808 3890 849 3962 ιιι)
873 3901 926 3944 ειε.
968 3898 972 3904 ·

136 3990 173 4044 Ει
187 3990 238 4044 ιιοε
252 3998 314 4045 ante
324 3998 477 4058 susceptum
493 3987 672 4043 sacerdotium
685 3983 722 4040 ιιιι
749 3983 850 4038 licitum
876 3990 928 4037 est.

136 4082 227 4139 Navoa
240 4084 286 4139 die
300 4085 414 4154 suscepti
429 4082 572 4138 sacerdotii
588 4082 667 4137 etiam
683 4080 718 4134 ab
742 4080 800 4148 ipso
821 4079 930 4149 proprie

136 4174 262 4244 conjugio
277 4172 434 4244 prohibendi
447 4179 520 4228 sunt.
539 4170 681 4240 Quomodo
695 4168 847 4225 sacerdotio
869 4167 930 4224 fuu-

138 4265 164 4333 gi
179 4261 344 4331 desiderant,
360 4264 405 4333 qui
433 4261 530 4316 talibus
554 4260 700 4316 sceleribus
729 4259 840 4313 involuti
868 4273 929 4315 csse

137 4359 331 4420 monstrantur,
347 4364 376 4409 ut
387 4368 473 4424 noque
487 4353 632 4409 seculares
648 4352 740 4408 fidelos
764 4351 808 4408 his
819 4351 927 4407 facino-

138 4443 212 4498 ribus
222 4440 364 4498 obvolutos
374 4443 513 4511 optemus?
522 4442 662 4510 Quomodo
670 4457 722 4497 non
735 4443 928 4511 pertimescunt

136 4533 224 4591 divina
233 4535 359 4607 mysteria
371 4533 548 4606 contingerel
558 4541 603 4588 aut
612 4532 746 4603 quomodo
755 4532 926 4588 adorandum

138 4625 314 4697 propeccatis
329 4625 457 4682 accedere
473 4632 655 4696 praesumunt,
670 4625 733 4679 dvtm
753 4623 823 4680 sacri
843 4638 926 4680 cano-

137 4732 186 4772 nes
201 4730 288 4787 neque
301 4731 396 4786 purum
410 4715 549 4784 clericum,
561 4715 603 4771 cui
615 4713 795 4770 sacerdotium
807 4730 860 4769 non
872 4723 925 4781 est,

136 4807 394 4878 secundiacopnlari
420 4808 519 4877 nuptiis
544 4805 719 4876 praecipiunt?
743 4805 788 4861 lsti
811 4806 883 4861 enim
911 4822 928 4864 e

136 4902 271 4956 contrario
286 4915 339 4955 non
352 4901 437 4956 solum
452 4911 511 4970 post
522 4909 675 4968 susceptum
696 4900 875 4955 sacerdotium
897 4914 927 4956 se

136 4990 270 5045 abstlnere
286 4990 320 5046 ab
335 5005 387 5045 una
403 5005 487 5045 uxore
510 4990 616 5056 noltmt,
633 4991 687 5045 imo
699 4989 803 5045 luxuria
815 4989 928 5045 obsolu-

136 5079 157 5134 ti
172 5079 264 5149 pejora
283 5080 450 5137 secularium
464 5081 566 5138 scelera
581 5082 773 5146 committunt,
791 5090 820 5135 ιιι
836 5081 927 5151 plnres

136 5182 231 5224 utores
247 5168 345 5224 habere
357 5179 539 5238 praesumant,
563 5171 659 5239 quibus
670 5186 758 5239 neque
771 5186 851 5226 unam
862 5186 927 5227 con·

134 5277 240 5319 cessum
255 5269 297 5317 est
312 5272 372 5330 poss
387 5272 539 5332 susceptum
565 5261 743 5316 ministerium
770 5271 925 5318 attrectare.

135 5353 189 5411 Sed
203 5357 252 5409 ista
267 5353 501 5425 parvipendentes,
519 5362 598 5419 atavae
612 5352 696 5407 Deum
713 5352 744 5407 ad
758 5353 924 5410 iracundiam

135 5459 322 5516 provocantes,
339 5443 440 5513 rnaJ'ora
451 5442 622 5497 committunt
634 5442 765 5509 facinora,
787 5444 851 5500 dum
864 5460 926 5514 pro·

135 5540 203 5606 priis
216 5537 339 5592 manibus
361 5536 529 5591 Christianos
554 5544 634 5604 attpue
659 5551 775 5608 paganos
803 5537 925 5594 lvornines

171 5671 327 5728 “Batonius
349 5672 431 5741 tegit:
447 5673 575 5728 ueletiam
598 5669 657 5722 aliis
680 5668 831 5736 cespitalilas
846 5673 921 5742 ostiis,

135 5739 223 5805 ‹pittm
235 5759 342 5798 canones
353 5743 463 5798 ehciassr
476 5744 566 5814 reperit
581 5752 623 5796 too
638 5742 768 5794 serrrtinm.
785 5738 869 5793 liano.

982 1876 1051 1932 velle
1065 1876 1165 1942 dixisti,
1183 1888 1212 1932 ut
1228 1888 1253 1934 to
1265 1879 1372 1935 vivente
1398 1882 1424 1935 in
1451 1881 1511 1936 loca
1528 1890 1573 1936 tuo
1593 1881 1708 1952 eligatur
1719 1881 1774 1952 epf-

982 1980 1089 2037 scopus,
1105 1967 1156 2023 hoo
1179 1969 1252 2026 nulla
1275 1971 1378 2033 ratione
1403 1971 1514 2027 concedi
1540 1974 1657 2041 patimur
1682 1991 1688 2026 ε
1715 1971 1775 2043 quia

982 2072 1075 2116 contra
1090 2077 1196 2119 omnem
1212 2064 1421 2121 ecclesiasticam
1442 2067 1577 2137 regulam,
1599 2067 1643 2122 vel
1659 2068 1775 2122 instituta

982 2163 1087 2225 patrum
1110 2171 1171 2212 csse
1194 2167 1369 2213 monstratur.
1386 2157 1439 2214 Sed
1454 2160 1576 2214 volumus
1590 2167 1620 2212 ut
1635 2158 1686 2215 tibi
1702 2158 1776 2214 mini·

981 2254 1059 2310 stret,
1080 2255 1107 2301 et
1132 2246 1167 2301 sit
1191 2246 1216 2301 iu
1234 2247 1378 2316 Evangelio
1399 2247 1498 2302 Christi
1525 2247 1645 2317 adjutor,
1670 2248 1775 2306 dicente

981 2338 1103 2407 apostolo
1118 2354 1125 2393 :
1142 2338 1173 2395 St'
1185 2342 1242 2410 prsis
1262 2339 1324 2393 bene
1335 2340 1526 2406 odnistrnserit,
1541 2340 1636 2394 honum
1656 2341 1705 2395 sili
1717 2358 1775 2413 gra·

981 2432 1774 2506 deprecantium!finntnldlimissnimreprehensibileeme

981 2525 1152 2580 manifestum
1163 2535 1214 2593 est,
1227 2535 1255 2581 ut
1267 2536 1292 2581 te
1303 2527 1408 2582 vivente
1420 2526 1466 2581 tibi
1477 2527 1557 2582 alium
1568 2528 1772 2584 substituamus.

980 2617 1772 2688 Sedlvoccommonemus,utquandiutedivinajusseritcle·

980 2709 1079 2763 mentia
1095 2708 1520 2779 superesse,sineintermissione
1534 2719 1634 2765 oresut
1649 2709 1773 2765 tihilleus

981 2804 1056 2858 illum
1068 2817 1250 2859 successorem
1258 2802 1398 2871 concedas,
1407 2803 1451 2874 qui
1460 2803 1484 2858 ei
1493 2802 1578 2872 possit
1591 2801 1773 2874 csseplacabi-

980 2896 1023 2961 lis,
1033 2904 1059 2952 et
1067 2894 1291 2966 populum,quem
1303 2895 1337 2949 ad
1347 2896 1422 2950 suain
1433 2895 1544 2964 gratiam
1556 2910 1602 2965 per
1611 2894 1774 2950 tuarsancti·

981 2988 1044 3044 tatis
1067 2987 1223 3043 industriam
1249 3001 1348 3044 vocare
1373 2988 1477 3054 voluit,
1503 2984 1774 3056 irreprehensibiliter

943 3103 967 3166 c
982 3100 1075 3156 regere
1089 3086 1196 3153 valeat,
1212 3093 1293 3155 atque
1317 3084 1351 3140 ad
1373 3085 1443 3139 viam
1465 3085 1527 3139 vitae
1545 3082 1665 3138 elaboret
1681 3079 1775 3150 perdu-

982 3192 1053 3234 cere.
1066 3177 1132 3233 Nam
1147 3178 1281 3248 quonrodo
1303 3178 1361 3232 hsce
1375 3192 1435 3247 nuae
1452 3176 1605 3246 poposcisti,
1620 3172 1635 3212 b
1649 3175 1673 3229 si
1688 3182 1717 3230 es
1728 3187 1774 3228 ro

981 3270 1126 3337 fuerimus,
1151 3270 1299 3327 concedere
1323 3283 1484 3340 possumus,
1506 3267 1572 3324 dum
1594 3280 1646 3322 nos
1669 3264 1775 3336 fragiles

982 3363 1105 3419 homines
1128 3365 1285 3430 existentes,
1309 3373 1334 3419 ct
1359 3363 1409 3419 sub
1430 3361 1585 3418 conditione
1603 3360 1775 3418 mortiscon·

981 3455 1077 3521 scituri,
1096 3454 1250 3526 ignorantes
1264 3455 1527 3525 quidsuperveotura
1537 3452 1597 3509 dies
1612 3452 1711 3523 partas,
1721 3465 1774 3506 nor.

981 3546 1118 3603 valeamus
1141 3547 1313 3618 investigare,
1329 3547 1388 3617 quis
1408 3546 1441 3601 de
1467 3545 1545 3600 nobis
1565 3544 1641 3615 prior
1658 3544 1692 3600 de
1705 3557 1776 3614 pre·

980 3641 1050 3695 senti
1074 3640 1173 3694 saeculo
1187 3639 1302 3710 migret?
1328 3639 1374 3694 Sin
1389 3648 1477 3693 autem
1500 3646 1528 3692 et
1545 3635 1669 3693 eumdem
1683 3633 1776 3691 divina

981 3730 1094 3786 voluerit
1107 3730 1250 3786 dementia
1265 3737 1325 3800 post
1340 3728 1377 3785 tui
1391 3729 1462 3784 diem
1477 3727 1607 3785 transitus
1619 3738 1775 3794 superesse,

980 3823 1003 3878 si
1023 3838 1084 3878 eum
1101 3835 1190 3893 aptum
1210 3838 1270 3879 csse
1289 3823 1456 3892 cognoveris,
1479 3831 1506 3878 et
1520 3822 1549 3876 iu
1575 3830 1619 3877 tua
1638 3820 1778 3875 voluntate

981 3917 1061 3972 luerit
1084 3915 1234 3986 definitum,
1257 3930 1288 3973 ea
1313 3917 1378 3972 hora
1402 3931 1453 3986 qua
1477 3923 1504 3970 te
1525 3912 1654 3984 praesenti
1677 3912 1780 3969 seculo

980 4007 1154 4077 migraturum
1165 4007 1333 4078 cognoveris,
1346 4005 1523 4076 presentibus
1536 4003 1643 4064 cuuctis
1654 4002 1701 4058 tibi
1717 4016 1781 4058 suc·

980 4113 1116 4155 cessorem
1141 4098 1261 4168 designa,
1288 4108 1316 4154 ut
1338 4097 1390 4152 huc
1416 4097 1505 4152 seniat
1519 4093 1697 4151 ordinandus.
1721 4092 1780 4148 lloe

981 4189 1045 4244 trulli
1058 4189 1104 4244 alii
1117 4190 1230 4245 concedi
1242 4191 1367 4259 patimur,
1380 4188 1451 4260 quod
1463 4187 1510 4244 tibi
1523 4187 1781 4256 charltateeogente

979 4281 1069 4351 largiri
1083 4281 1247 4338 censuimus.

1016 4373 1046 4427 ll.
1061 4372 1155 4431 Deillo
1170 4389 1286 4446 namque
1307 4374 1351 4445 qui
1366 4373 1474 4428 viduam
1495 4371 1618 4428 avunculi
1639 4371 1692 4437 sui,
1717 4387 1781 4442 quse

941 4470 968 4530 1)
981 4464 1077 4536 etipsa
1092 4464 1141 4521 luit
1162 4482 1229 4521 uror
1242 4465 1395 4522 consobrini
1410 4466 1462 4532 sui,
1479 4473 1506 4520 et
1527 4478 1636 4520 sacrum
1651 4463 1780 4519 velamen

979 4557 1079 4627 hahere
1101 4566 1248 4613 monstrata
1269 4566 1322 4626 est,
1338 4566 1366 4613 et
1384 4574 1400 4612 a
1421 4558 1505 4612 beatae
1519 4556 1657 4612 memorias
1672 4555 1782 4628 praede·

978 4665 1086 4706 cessure
1098 4658 1191 4706 nostro
1210 4649 1263 4705 sibi
1286 4649 1422 4705 licentiam
1439 4663 1593 4705 concessam
1608 4663 1672 4704 esse
1688 4647 1782 4704 divul-

978 4742 1061 4812 gavit,
1086 4748 1115 4795 ut
1139 4755 1199 4795 earu
1225 4739 1252 4794 in
1269 4739 1417 4809 pernicioso
1438 4739 1609 4794 matrimonio
1634 4752 1780 4795 assumere

979 4833 1124 4898 debuisset,
1140 4833 1208 4889 absit
1221 4842 1250 4887 ut
1265 4832 1317 4888 boc
1331 4824 1513 4900 prauecessor
1523 4839 1616 4886 noster
1634 4832 1672 4885 ita
1684 4831 1781 4886 creda·

980 4940 1022 4987 tur
1050 4930 1219 5001 precepisse.
1235 4928 1290 4985 Nec
1317 4927 1388 4984 enim
1412 4927 1446 4983 ab
1464 4928 1515 4983 laac
1535 4927 1685 4998 apostoliea
1712 4928 1780 4984 sede

978 5023 1022 5079 illa
1034 5023 1194 5093 diriguntur,
1209 5038 1270 5093 quas
1280 5024 1414 5078 contraria
1429 5037 1489 5078 esse
1504 5032 1608 5092 patrum
1621 5021 1681 5077 sire
1695 5035 1780 5077 cano·

978 5133 1043 5171 num
1056 5115 1184 5171 institutis
1196 5116 1378 5171 inveniantur.
1395 5116 1466 5187 Ergo
1485 5116 1644 5180 admonere,
1658 5116 1776 5181 hortari,

979 5209 1118 5279 increpare
1128 5222 1186 5275 eos,
1201 5205 1294 5279 frater,
1311 5223 1457 5274 necesses,
1471 5216 1603 5280 quatenus
1621 5223 1638 5263 a
1655 5208 1703 5264 tali
1718 5224 1778 5266 scs·

978 5301 1039 5357 lesti
1054 5300 1181 5357 recedant
1205 5300 1385 5367 matrimonio,
1411 5308 1506 5355 utnon
1529 5301 1556 5355 in
1581 5310 1717 5356 aeternum
1733 5315 1779 5371 pe·

976 5401 1063 5447 reant.
1080 5392 1294 5447 hominist-antur
1309 5392 1382 5447 enim
1406 5406 1436 5447 se
1458 5392 1557 5447 Christi
1580 5396 1714 5464 sanguiue
1734 5408 1777 5451 re·

977 5486 1100 5557 demptos
1114 5499 1186 5555 esse,
1202 5492 1229 5541 et
1244 5501 1296 5541 non
1311 5494 1407 5556 sponte
1431 5501 1461 5542 se
1481 5486 1643 5554 contradant
1658 5488 1725 5560 (arisi
1745 5487 1778 5542 ab

1013 5663 1025 5703 ¹¹
1042 5663 1139 5722 Baton.
1156 5680 1163 5718 z
1180 5664 1210 5719 Si
1226 5665 1301 5718 ctiam
1313 5662 1477 5719 colaerimus.
1493 5663 1581 5720 llsnn.
