3832 6114
136 310 187 370 stt
472 308 502 366 S.
523 305 689 364 scutetum
707 306 847 364 elocuti
849 305 894 361 titi
914 303 1171 364 nnctttst’iscot‘l
1190 306 1267 362 ortt
1288 305 1374 361 unus
1392 302 1414 359 i.
1706 302 1759 361 stt

182 422 387 482 venerabilibus
419 421 598 477 sanctissime
625 399 795 491 paternitatis
822 426 918 474 cestrae
933 415 959 474 ,1
1005 415 1072 471 Cum
1089 417 1166 473 nobis
1181 417 1359 474 sanctissimae
1382 413 1556 471 fraternitatis
1577 423 1630 469 tuae
1647 414 1759 485 syllaba

136 516 245 590 syllabis
256 515 399 585 susceptis,
414 526 464 583 per
478 522 639 583 praesentem
659 510 781 582 gerulum
797 510 918 566 lienear·
967 506 1062 562 delatae
1082 506 1214 595 inissent,
1236 517 1288 565 etc.
1308 507 1410 578 (Vide,
1425 509 1493 578 inp,
1515 522 1557 578 ep.
1575 505 1606 562 tu
1619 501 1758 560 loedorice

136 612 198 666 dum
214 607 395 664 uenerabilem
411 604 497 662 sirum
521 604 621 671 missis,
645 617 706 658 cum
728 602 812 669 omui,
836 599 920 656 utde·
969 596 1074 667 pape.)
1403 645 1408 653 .

137 702 202 768 cuit,
213 701 387 758 ueneratione
400 698 630 770 atqueclrsritatia
644 697 744 755 affeetu
765 696 919 766 suscepisse
1228 689 1391 746 aristote
1415 686 1482 745 llll.

138 796 260 861 insinuo:
285 793 409 848 simulet
431 790 642 847 benedictionem
664 803 745 862 quam
759 787 826 844 mibi
842 786 918 843 misl-
1074 778 1252 838 ποιιπιπιιπιπι0
1271 795 1431 836 usserman.
1453 779 1499 852 [a.
1514 795 1542 838 s.
1559 774 1641 850 illul

135 887 196 949 sris,
213 898 273 955 oum
294 882 365 953 apud
381 879 538 951 parvitatem
563 894 651 935 meam
671 893 752 949 super
773 891 869 934 aurum
891 881 920 931 st
1005 871 1183 928 Dilectissimo
1206 886 1238 928 ac
1259 871 1484 928 reverendissimo
1512 868 1587 925 iratri
1616 863 1761 924 llerelrido

135 982 273 1046 argentum
288 980 398 1042 accepta
413 978 465 1037 est,
481 985 514 1026 eo
527 969 598 1039 qood
617 968 670 1025 mei
684 981 831 1024 memorem
858 979 919 1023 esse
969 962 1126 1035 presbytero
1133 963 1287 1020 Bouiiacius
1300 978 1396 1020 sersus
1410 976 1551 1019 serrorum
1562 957 1611 1018 liei
1627 966 1760 1016 aeternam

136 1065 162 1120 iu
173 1065 272 1122 sanctis
283 1063 341 1120 suis
354 1061 521 1117 orationibus
535 1059 662 1116 almitatis
673 1066 770 1115 vestrm
791 1063 919 1115 coronam
969 1054 997 1109 iu
1017 1054 1125 1111 Christo
1147 1054 1287 1111 charitatis
1308 1055 1435 1111 salutem.

135 1157 260 1226 cognovi,
275 1168 353 1226 quem
373 1151 522 1209 concedere
542 1150 608 1206 milri
623 1150 711 1206 divina
730 1149 847 1221 patiatur
859 1147 917 1204 lla-
1004 1145 1141 1201 almitatis
1163 1155 1215 1201 tum
1230 1145 1399 1202 clementiam
1422 1143 1524 1200 intimis
1543 1139 1657 1200 obsecro
1671 1137 1760 1214 preci·

136 1248 218 1315 jestas
245 1245 426 1317 incolumem,
452 1241 569 1314 quandiu
595 1257 639 1298 mc
665 1256 781 1312 superna
805 1239 920 1298 voluerit
970 1236 1030 1305 bus,
1046 1244 1077 1290 ut
1096 1236 1123 1291 in
1139 1236 1192 1292 tuis
1213 1237 1393 1292 sacrosanctis
1407 1232 1574 1291 orationibus
1588 1234 1641 1290 mei
1656 1247 1760 1290 memor

137 1338 279 1395 clementia
293 1350 443 1408 superesse,
460 1344 499 1402 ut,
514 1335 609 1391 restris
622 1334 706 1390 sacris
720 1333 920 1391 interventioni·
969 1341 1031 1384 esse
1047 1326 1179 1398 discede,
1195 1335 1222 1384 et
1232 1327 1289 1397 iam
1303 1327 1342 1383 sic
1360 1325 1532 1382 narrantibus
1541 1333 1596 1381 eta
1612 1333 1639 1381 ιο
1651 1323 1760 1382 uenien-

139 1429 191 1483 lrus
207 1428 327 1499 juratus,
343 1426 486 1483 exercitior
508 1425 639 1491 inveniar,
656 1425 711 1480 lieo
726 1423 851 1496 propitio,
872 1423 920 1479 ad·
971 1417 1041 1473 tibus
1050 1416 1107 1488 jum
1130 1415 1227 1475 iecisse
1244 1417 1441 1474 iraterniratem
1470 1424 1543 1472 tuam
1571 1424 1598 1472 et
1627 1415 1758 1472 iacturam

137 1533 233 1574 versus
246 1518 347 1586 antiqui
376 1516 463 1574 bostis
490 1515 601 1571 insidias
619 1529 779 1585 repugnare.
799 1515 916 1579 interes,
970 1519 1095 1562 essenon
1109 1504 1213 1573 dubito,
1226 1515 1255 1562 ut
1267 1515 1279 1546 ι
1292 1507 1379 1563 sancti
1392 1507 1485 1564 Jacobi
1496 1506 1609 1578 apostoli
1625 1505 1759 1563 serrmntia

137 1607 295 1665 insinuastis
305 1606 371 1663 mibi
381 1605 451 1676 quod
465 1605 542 1661 robis
557 1604 591 1659 de
604 1603 658 1660 illis
671 1605 791 1673 epistolis
804 1613 817 1643 ¹
829 1605 918 1661 sancti
972 1596 999 1652 ἱο
1016 1596 1094 1652 nobit
1106 1595 1260 1666 impleatur,
1275 1613 1326 1668 qua
1342 1598 1409 1655 dixti
1424 1616 1430 1652 τ
1445 1596 1525 1653 otro
1542 1614 1588 1668 oro
1599 1598 1717 1665 maistas.
1730 1607 1759 1654 tt

137 1697 260 1768 Gregorii
285 1698 467 1753 mitteremus.
492 1695 545 1752 Sed
566 1709 636 1750 nunc
650 1694 761 1750 minime
785 1696 918 1774 potuimus
970 1686 1112 1742 wltmt'tti·
1124 1685 1239 1743 Multum
1251 1689 1319 1744 enim
1334 1689 1402 1744 solet
1412 1687 1558 1760 deprecatio
1566 1689 1634 1762 justi
1642 1687 1757 1747 maiolus.

136 1790 236 1845 sanetis
264 1786 432 1858 paternitatis
458 1794 556 1842 restra
579 1783 719 1854 preceptis
745 1798 859 1854 parere,
886 1799 920 1842 eo
937 1768 1105 1832 Bl¹tae¹er⁰⁸
1120 1790 1170 1831 000
1186 1786 1248 1834 0000
1261 1778 1392 1850 epistolii.
1417 1778 1461 1850 (1οῑ
1474 1780 1508 1835 td
1531 1794 1611 1836 00001
1625 1780 1757 1852 modun

138 1879 210 1950 quod
234 1877 313 1933 nimis
328 1876 449 1933 attritum
471 1885 551 1945 atoue
566 1874 592 1929 in
607 1873 751 1944 podagrico
765 1875 878 1932 bumore
893 1885 922 1932 et
972 1867 1160 1935 00010οῙ1000,
1177 1883 1291 1938 1000010
1304 1870 1411 1926 nomina
1427 1869 1757 1938 ’1000101000000001007

136 1970 231 2027 dolore
249 1969 385 2040 latlpntum
412 1973 576 2023 memoratus
602 1974 691 2022 tester
705 1964 849 2038 presbyter
874 1979 922 2036 per
970 1956 997 2012 ῑο
1016 1966 1212 2026 0010000οθ007
1233 1956 1317 2017 smel
1330 1960 1501 2028 0100οῙ00000,
1524 1962 1759 2035 0010000100οΛ0

139 2071 244 2128 nemppe
257 2057 392 2129 cognovit,
407 2056 444 2112 ira
462 2063 493 2112 ut
516 2056 542 2111 ip
564 2069 597 2110 eo
616 2069 661 2111 ms
683 2054 777 2113 dolore
791 2054 920 2111 afflictum
971 2046 1053 2103 verba
1067 2046 1258 2104 admonitionis
1272 2056 1371 2106 nostrae
1385 2050 1546 2108 Ethelbaldo
1568 2053 1624 2124 regi
1646 2050 1758 2112 llerclo-

140 2148 312 2218 relinqueret,
328 2145 400 2218 qood
419 2153 448 2202 et
473 2159 520 2202 ore
541 2145 652 2216 proprio
673 2145 749 2201 robis
777 2145 919 2202 intimabit.
970 2150 1034 2191 ¹¹¹¹¹¹¹
1062 2136 1266 2208 10ῑο0100010000
1293 2148 1320 2195 0²
1345 2141 1485 2198 00000000
1506 2142 1663 2212 ’00000007
1676 2150 1705 2198 0⁸
1724 2157 1758 2201 00

138 2238 192 2294 Sed
207 2237 295 2292 sisita
309 2248 402 2291 comcs
422 2235 513 2304 inerit,
537 2244 564 2291 οι
575 2243 665 2292 restra
688 2236 755 2292 mibi
768 2236 920 2294 orationon
970 2227 1052 2285 10000
1073 2239 1103 2286 tt
1120 2230 1214 2287 010100
1238 2246 1292 2302 ouo
1310 2231 1344 2289 ad
1373 2241 1400 2290 to
1427 2235 1527 2306 scripta
1554 2236 1758 2294 immittimus

137 2329 275 2396 deluerit,
297 2343 358 2399 oure
379 2327 497 2398 iussistis
521 2327 585 2382 dum
613 2329 693 2383 saluti
715 2329 792 2386 luero
818 2329 922 2401 plenius
969 2319 1084 2379 sollicite
1095 2323 1277 2379 enumerando
1297 2332 1324 2381 et
1346 2324 1516 2395 praedicando
1533 2326 1571 2383 illi
1586 2327 1756 2385 indicaveris.

136 2417 287 2486 restitutus,
307 2416 485 2472 sanctissimos
499 2414 671 2485 paternitatis
696 2425 794 2473 vestrae
815 2417 921 2474 obtem·
971 2411 1132 2469 Αο001ῑο000
1145 2414 1218 2470 0οῙῐο
1232 2415 1296 2485 (1000
1308 2429 1357 2486 pro
1372 2418 1468 2473 001010
1483 2417 1532 2474 1)οῑ
1552 2432 1696 2488 1100101000ι
1711 2417 1757 2475 00·

137 2508 239 2579 perebo
251 2507 429 2578 jussionibus,
451 2515 482 2563 ut
496 2503 562 2564 dum
586 2506 639 2562 alia
655 2507 715 2563 rice
739 2507 791 2565 buc
803 2516 921 2566 restrum
971 2504 1118 2562 minianen
1133 2507 1239 2575 timeas,
1255 2515 1284 2564 et
1297 2508 1367 2586 quod
1381 2523 1462 2582 supra
1477 2511 1564 2567 dictus
1579 2525 1626 2567 res
1636 2509 1758 2582 stipass-

137 2601 248 2656 missum
270 2598 433 2663 direxeritis,
455 2612 516 2669 que
539 2596 707 2668 praecepistis
727 2598 836 2670 impleta
860 2613 922 2656 esse
972 2594 1057 2650 tulum
1085 2594 1245 2667 quibusdam
1272 2599 1437 2668 temporibus
1460 2599 1554 2657 audire
1574 2598 1699 2672 dignetur
1713 2607 1758 2657 tua

138 2691 324 2760 reperiantur,
347 2697 377 2743 ut
402 2686 504 2757 absque
527 2672 655 2744 urdimt'e
681 2701 741 2758 quae
762 2686 922 2746 desideratis
971 2689 1081 2746 monita.
1095 2689 1129 2745 Et
1148 2698 1239 2747 uotum
1255 2690 1290 2748 sit
1304 2691 1428 2748 charitati
1447 2702 1499 2750 tuse
1522 2692 1584 2763 quia
1605 2691 1759 2749 laevem

138 2781 310 2851 expleantur.
337 2777 546 2835 Transmisimus
580 2779 652 2835 enim
673 2780 731 2850 'per
765 2780 921 2850 pradictum
970 2779 1162 2837 admonitionis
1176 2790 1277 2838 nostre
1299 2782 1333 2837 ad
1354 2781 1431 2839 illum
1454 2795 1545 2853 regem
1567 2780 1759 2852 propternibil

139 2882 260 2928 uestrum
284 2871 471 2942 presbyterum
496 2869 660 2940 aliquantum
688 2871 835 2937 cozumbri,
850 2870 922 2943 qood
970 2869 1043 2926 aliud
1057 2871 1220 2942 direximus,
1236 2873 1415 2945 nisiproprer
1428 2888 1522 2944 puram
1537 2870 1675 2930 charitatis
1687 2871 1758 2928 ami·

138 2967 275 3020 incensum
295 2961 408 3018 Domino
431 2961 571 3029 oderatis,
596 2962 761 3032 temporibus
781 2961 921 3020 matutinis
970 2961 1109 3031 citiam,et
1119 2963 1189 3034 quod
1199 2963 1234 3021 de
1245 2963 1339 3022 eadem
1353 2971 1434 3035 pente
1445 2963 1591 3035 duplorum
1606 2962 1758 3020 satietas·

136 3062 164 3108 et
178 3052 346 3124 uespertinis,
374 3053 430 3108 sire
452 3051 516 3106 dum
543 3055 686 3107 missarum
707 3051 853 3108 celebratis
874 3064 920 3108 so·
973 3051 1029 3108 triti
1045 3051 1089 3109 liic
1104 3066 1152 3123 per
1165 3062 1329 3124 praeceptum
1343 3053 1496 3124 apostolice
1516 3052 1590 3111 sedis
1603 3052 1761 3125 peregrina·

135 3143 245 3208 lemnia,
267 3142 328 3197 miri
345 3141 437 3197 odoris
458 3150 538 3211 atque
553 3141 720 3213 fragrantiae,
740 3141 789 3198 sed
807 3150 869 3212 peto
891 3117 958 3199 utc
974 3141 1131 3211 mur,bonis
1141 3153 1168 3198 ct
1179 3142 1301 3209 laudibus
1311 3145 1399 3216 gentis
1409 3154 1508 3202 nostrae
1521 3144 1643 3202 laetamur
1655 3152 1760 3216 etsau·

135 3232 237 3301 absque
250 3231 347 3303 iniuria
360 3230 522 3301 suscipistis,
533 3230 604 3302 quod
617 3244 680 3300 pura
693 3229 823 3290 claritate
831 3230 922 3301 diripi·
972 3231 1077 3302 demus,
1092 3234 1209 3305 peccatis
1231 3243 1320 3292 autem
1332 3235 1391 3307 ejus
1404 3244 1431 3293 et
1444 3236 1684 3309 vituperationibus
1697 3236 1758 3307 eius

136 3321 325 3386 tur,salutans
340 3330 457 3378 vestram
481 3320 676 3377 sanctissimam
690 3321 874 3391 paternitatem
895 3322 922 3380 in
973 3323 1133 3381 tribulamur
1155 3335 1183 3384 et
1213 3329 1413 3387 contristamur.
1438 3328 1617 3400 0pprobrium
1643 3342 1760 3399 mosque

137 3415 262 3482 Domino,
277 3423 305 3470 et
317 3423 347 3469 ut
360 3428 409 3484 pro
421 3414 500 3471 nobis
511 3428 590 3470 orare
600 3413 717 3484 lubeatis
728 3416 854 3486 deposco.
868 3414 922 3472 Sed
972 3415 1080 3488 generis
1099 3402 1184 3472 nostr'i
1200 3416 1316 3487 patimur
1330 3418 1387 3474 siue
1400 3431 1417 3472 a
1429 3415 1607 3485 Christianis,
1632 3417 1692 3475 sisa
1713 3431 1760 3488 pa·

137 3516 165 3561 ct
183 3519 290 3562 omnem
304 3495 468 3572 Ecclesiam,
494 3519 554 3576 quac
578 3506 714 3562 vobiscum
735 3515 787 3575 est,
803 3521 851 3576 per
874 3496 923 3563 vos
974 3507 1050 3579 panis
1062 3508 1216 3566 dicentibus
1229 3509 1300 3580 quod
1315 3523 1382 3582 gens
1404 3507 1563 3580 inpiorum,
1577 3515 1670 3579 spreto
1684 3521 1759 3567 mora

137 3597 237 3664 saluto,
252 3607 280 3654 et
293 3605 322 3653 ut
341 3597 392 3666 ipsi
406 3612 456 3668 pro
468 3612 511 3652 mc
521 3604 644 3652 exorent.
656 3595 767 3653 Meritum
780 3598 847 3653 enirn
857 3596 922 3654 uolet
972 3607 1133 3656 caeterarum
1152 3601 1285 3672 gentium,
1300 3610 1328 3658 et
1351 3600 1480 3672 despecto
1502 3608 1640 3670 prerepto
1653 3609 1759 3671 aposto·

137 3689 281 3759 deprecatio
297 3689 365 3759 justi
384 3688 500 3745 assidue.
527 3687 592 3743 Nutu
613 3695 642 3744 et
666 3702 728 3759 ego,
745 3688 808 3767 licet
829 3701 923 3758 pecca·
972 3693 1035 3761 lico,
1051 3693 1106 3749 imo
1120 3693 1168 3750 liei
1191 3693 1395 3760 constitutione,
1409 3692 1540 3764 legitimas
1562 3707 1661 3749 uxores
1681 3691 1759 3750 dedi·

137 3779 319 3846 tricesimam,
345 3790 435 3862 tamen
459 3780 542 3837 uestri
566 3779 721 3838 memoriam
747 3789 810 3836 ante
831 3793 923 3837 sacras
972 3782 1196 3853 puerorusoere,
1212 3793 1240 3839 et
1263 3782 1439 3840 hinnientium
1460 3780 1589 3854 equorum
1615 3791 1760 3840 ωππιιιοιιι·

135 3872 321 3930 conlessioucs
333 3872 517 3942 apostolorum
529 3872 642 3943 iaciens,
654 3873 769 3930 orationi
784 3871 919 3930 incumbo.
972 3872 1047 3940 dine,
1062 3873 1104 3931 rel
1126 3874 1270 3931 rudentum
1292 3875 1429 3931 asinorum
1445 3889 1529 3943 more,
1553 3875 1716 3933 luxuriando
1733 3882 1761 3933 et

136 3964 184 4017 liis
210 3962 377 4033 premissis,
405 3972 529 4031 optamus
556 3963 726 4029 sanctitatem
755 3962 922 4031 paternitatis
972 3963 1170 4033 adulterando,
1189 3966 1280 4021 omnia
1308 3965 1421 4037 turpiter
1445 3964 1528 4023 lcedct
1550 3973 1579 4023 et
1600 3964 1758 4024 conlaudat.

20 4051 27 4059 ’
136 4063 233 4110 vestrm
253 4053 280 4107 in
297 4052 411 4106 ltomino
425 4050 494 4106 bene
514 4050 616 4118 ualere,
631 4058 712 4121 atque
726 4051 752 4106 in
774 4065 855 4121 opere
868 4067 922 4122 quo
972 4053 1054 4126 lpitur
1077 4056 1102 4111 si
1128 4054 1179 4112 hoc
1205 4058 1293 4113 scelus
1317 4057 1463 4114 marimum
1486 4070 1579 4112 rerum
1603 4058 1651 4125 sit,
1678 4056 1760 4115 lrater

136 4153 288 4214 assumptus
313 4157 343 4199 es
366 4142 450 4198 multo
468 4141 584 4212 amplius
610 4141 724 4198 iructum
747 4143 809 4199 boni
833 4144 923 4214 operis
972 4139 1138 4216 cmrissime,
1154 4161 1280 4220 rogemus
1300 4161 1394 4205 omnes
1417 4142 1596 4205 communiter
1608 4162 1693 4220 sopra
1718 4148 1760 4206 di·

137 4236 267 4302 pullulare
290 4234 436 4301 concedat,
460 4243 489 4290 et
509 4234 543 4289 ad
558 4232 752 4291 incrementum
776 4233 923 4304 perducere
976 4250 1049 4298 ctum
1060 4248 1201 4312 regemmt
1213 4239 1387 4311 semetipsum
1401 4255 1462 4300 cum
1478 4238 1760 4313 popolooorripatme

139 4324 256 4392 patiatur
270 4323 361 4380 divina
377 4325 514 4395 liejestas,
530 4324 649 4381 Trinitas
670 4325 781 4382 indivisa
794 4327 922 4383 sanctita·
972 4342 1027 4390 rota
1036 4345 1102 4404 gens
1115 4346 1177 4389 cum
1192 4331 1324 4404 principe,
1341 4332 1384 4391 luc
1395 4340 1423 4389 et
1437 4332 1465 4389 in
1477 4332 1576 4399 tauro,
1591 4342 1696 4405 pereat,
1710 4330 1759 4391 ssi

39 4436 43 4443 ·
138 4424 191 4471 tem
206 4423 321 4472 uestram
333 4424 474 4473 conservet
485 4425 607 4474 orantem
622 4433 671 4487 pro
691 4418 779 4479 nobis.
973 4432 1022 4492 ut,
1046 4423 1127 4480 sitam
1164 4424 1298 4494 propriam
1334 4421 1502 4480 emendando
1526 4429 1556 4481 et
1579 4421 1758 4495 compecto.

408 4508 575 4567 stlswtn
594 4511 649 4567 lll.
936 4465 1105 4586 ”exemplis
1117 4497 1173 4572 suis
1187 4515 1339 4571 uniuersam
1361 4521 1467 4583 gentem
1481 4514 1615 4585 propriam
1638 4512 1674 4573 ad
1688 4512 1759 4570 siam

268 4616 414 4656 zucrrsrrrs
433 4617 583 4658 πππππιιπιοπο.
600 4603 635 4675 [ι
651 4621 686 4658 .ιπ.
702 4603 782 4674 its}
973 4606 1185 4678 satottsdirtpar,
1206 4615 1235 4665 et
1259 4604 1329 4662 uode
1356 4615 1494 4674 peccatum
1508 4611 1589 4665 autea
1614 4605 1758 4673 conuexit,

176 4690 410 4746 lieserrudissimo
432 4699 459 4745 et
482 4691 652 4747 sanctissimo
677 4690 751 4749 iratri
784 4692 920 4751 Bouilacio
973 4698 1036 4754 iude
1047 4698 1199 4754 mercedem
1215 4694 1646 4753 mereaturetemam.l>reterea
1656 4701 1758 4766 partem

136 4775 306 4852 coepiscopo,
318 4780 460 4838 Zacharias
481 4797 575 4838 seruus
597 4797 733 4840 surorum
754 4783 811 4839 liei.
974 4787 1164 4859 thymiamatis,
1175 4795 1203 4844 et
1214 4795 1226 4825 ⁸
1238 4785 1365 4844 sabanum
1377 4800 1425 4857 pro
1439 4784 1625 4847 benedictione
1640 4795 1669 4842 et
1680 4786 1758 4861 siguo

137 4957 197 5012 dice
212 4959 297 5013 sancti
313 4958 438 5014 ltorriiacii
453 4960 485 5014 ad
499 4960 664 5029 Steplmnum
677 4973 772 5030 papam
787 4958 918 5029 epistolae
973 4961 1125 5018 rius.l'idei.
1138 4977 1164 5016 re
1177 4961 1258 5027 illst,
1273 4977 1299 5015 c.
1310 4961 1355 5027 29,
1365 4972 1393 5019 et
1406 4962 1501 5019 inlita
1510 4961 1756 5019 sanctiCutlrberri.

137 5028 184 5080 sed
199 5037 261 5082 aute
273 5027 327 5096 jam
346 5029 499 5085 eCasareo
511 5029 609 5084 Codice
631 5032 724 5098 positae
746 5038 820 5092 sunt,
842 5028 920 5083 sicuti
1010 5040 1021 5071 0
1047 5031 1136 5087 Soucti
1154 5030 1245 5085 dcccii
1258 5033 1378 5099 apomeli.
1405 5031 1497 5102 Lotum
1511 5033 1686 5089 aliussaooto
1700 5033 1760 5088 buie

136 5104 164 5149 et
185 5097 244 5151 alite
259 5099 358 5164 plures.
383 5097 506 5167 adiungo
534 5100 620 5153 auimo
645 5099 775 5162 alinuase
789 5109 862 5154 tomo
883 5095 921 5153 lx
974 5100 1167 5157 Germanorum
1190 5103 1322 5168 apostolo,
1336 5116 1416 5172 quom
1440 5110 1568 5171 apostatas
1591 5100 1760 5159 Lutherode

137 5165 280 5220 Annalium
296 5164 411 5244 licronii,
424 5170 467 5235 qui
481 5182 553 5222 ease
566 5178 667 5223 sanctas
688 5168 777 5222 ilarius
787 5177 813 5222 rt
834 5168 919 5223 tinto·
972 5173 1057 5226 suncti
1071 5171 1162 5226 tacoti
1183 5170 1298 5239 epistola
1309 5185 1405 5227 sensus
1419 5169 1480 5239 luit,
1491 5171 1538 5294 ‘1¹¹³
1551 5173 1632 5240 usne,
1648 5181 1678 5228 ιιι
1692 5174 1759 5228 inira

134 5233 173 5289 nii
187 5234 327 5304 Augustini
341 5233 512 5291 bibliotirccis
527 5237 679 5305 exscripsit.
697 5236 815 5293 Wonoa.
973 5242 1054 5296 etiam
1078 5239 1266 5310 patebitcitat
1289 5243 1377 5306 toties,
1400 5241 1479 5306 epist.
1514 5240 1608 5311 6,18,
1638 5242 1684 5307 itt,
1712 5240 1758 5306 89,

173 5315 186 5341 ·
201 5303 230 5358 S.
247 5303 376 5375 Greporii.
392 5305 457 5360 llide
471 5306 533 5373 quid
551 5307 747 5361 studiosissime
774 5318 864 5375 petere
888 5322 920 5360 ac
973 5311 1046 5376 olibi,
1063 5322 1089 5366 et
1102 5311 1223 5379 apostolo
1234 5311 1344 5377 bcmper
1359 5310 1462 5374 tribuit,
1476 5325 1601 5382 eantque,
1617 5318 1648 5367 ut
1670 5311 1717 5368 lib.
1730 5325 1758 5366 ru

137 5375 323 5444 turdecumrprc
347 5379 505 5444 conquirere
527 5376 630 5430 solebat
653 5377 685 5432 S.
702 5376 864 5443 Booiiacius,
882 5377 919 5431 li·
974 5381 1092 5448 llrsgrrnt.
1106 5388 1162 5434 not.
1182 5380 1228 5445 18,
1242 5380 1374 5446 dicebam,
1394 5380 1465 5436 notis
1478 5381 1755 5451 nonnullisexpcsoit.

135 5445 199 5497 bros
214 5445 338 5498 triunirum
353 5455 380 5500 ot
393 5460 440 5499 cos
455 5446 571 5500 siratime
586 5447 693 5502 Petrum
703 5463 735 5505 ac
748 5449 919 5513 Sanctorum,
974 5448 1556 5516 littra.episi.tl,diciturlaeotmnntereae
1564 5449 1757 5516 Domiaifilt'as.

134 5523 163 5566 ιιι
183 5513 225 5567 irie
239 5515 409 5582 epistolares.
425 5515 557 5580 Gregorii.
577 5518 641 5572 San.
1009 5519 1140 5575 “Saites
1166 5520 1194 5574 ln
1215 5520 1422 5591 eaeurplaribus,
1446 5535 1507 5592 quse
1531 5519 1599 5590 ridi,
1622 5522 1758 5588 omnibus,

171 5584 184 5619 ¹³
203 5581 293 5653 Heres.
309 5581 352 5650 0.,
369 5583 526 5654 lintistino.
552 5586 579 5639 lu
595 5585 715 5654 llpilonte
731 5589 797 5642 Ven.
821 5585 919 5642 Betim:
973 5589 1070 5645 desunt
1081 5604 1113 5645 ea
1127 5589 1246 5645 ootnitta.

137 5651 208 5727 ‚terno
218 5651 284 5715 lli,
297 5651 494 5723 licesfeldensis
508 5655 555 5708 liei
569 5655 768 5723 omipotentis
785 5659 842 5722 liei,
858 5656 921 5712 ideo
1009 5668 1024 5697 ⁰
1037 5658 1177 5715 saiorum.
1205 5659 1295 5715 Gerros
1309 5661 1392 5717 restis
1416 5673 1448 5715 ac
1461 5659 1534 5719 liutei
1545 5674 1616 5725 esse,
1644 5659 1758 5729 intelligi

136 5733 192 5785 epus
218 5721 315 5776 mocrite
335 5723 468 5779 iucrdurn
489 5725 612 5782 audiebat
632 5742 677 5783 ποι
697 5727 793 5798 ulioqrri
810 5728 933 5797 rolrrptu·
974 5730 1052 5786 detur
1076 5743 1107 5786 es
1127 5729 1176 5786 ime
1198 5729 1330 5790 Utitsrrsis
1347 5729 1471 5802 lictoris,
1498 5731 1546 5791 lib.
1561 5732 1635 5791 sarde
1650 5731 1758 5791 Perses.
