3832 6114
145 307 212 369 ster
875 295 1062 356 strenuus.
1709 307 1780 366 stas

142 458 146 465 ·
179 423 202 478 ll
218 422 272 486 beo
286 419 418 475 institutae
441 413 629 489 praecellentiae
652 421 747 468 uestrae
773 411 814 466 itis
832 409 932 465 nostris
947 410 974 469 Δ
987 411 1060 466 nium
1076 423 1226 469 nostrorum
1244 416 1412 471 inimicorum
1430 415 1595 473 ferocitatem
1608 427 1635 474 el
1649 434 1780 492 arrogan-

143 513 297 585 spostolicis
310 509 431 583 syllabis,
453 510 525 566 bone
544 508 730 576 potentissime
745 521 804 574 rex,
829 507 865 560 dli
886 520 934 560 ex·
987 503 1049 559 oam
1066 505 1162 560 solitus
1176 507 1317 561 auxiliator
1339 518 1366 563 et
1392 516 1528 577 protector
1551 517 1642 565 noster
1661 514 1778 568 existere

141 604 345 671 adientissime,
369 614 395 657 et
421 599 551 672 spiritalis
575 605 725 668 compater,
747 598 817 653 sicut
840 605 933 651 nostro
978 594 1089 666 jubeas,
1104 597 1335 653 christianissime
1349 608 1377 653 et
1391 599 1520 667 spiritalis
1534 610 1689 668 compater,
1709 618 1776 671 qua·

141 708 203 770 post
225 699 308 754 mom
334 695 484 761 liberatori,
504 709 535 749 ea
550 709 610 764 uuae
631 696 665 748 sd
689 693 855 764 agnitionem
882 705 931 745 no·
985 693 1062 739 tenus
1076 687 1284 742 lucratissimum
1299 689 1440 758 praetuium
1456 703 1471 741 a
1485 687 1668 758 Redemptore
1684 699 1777 746 nostru

142 798 226 845 stram
249 790 283 844 de
302 787 416 842 diuersis
433 784 580 840 adveniunt
606 782 735 853 partibus,
759 795 933 854 summopere
985 777 1098 835 Domino
1110 779 1177 849 Deo,
1189 780 1370 837 intercedente
1394 781 1474 837 beato
1495 782 1574 837 Petro
1590 784 1773 851 apostolorum

141 879 312 936 innotescere
327 878 477 934 studemus.
495 879 629 948 Agnoscat
642 875 774 944 siquidem
791 876 933 930 eximietas
984 876 1115 944 principa,
1131 876 1260 945 consequi
1282 876 1462 942 mereamini;
1487 883 1514 930 et
1537 875 1605 930 sieut
1628 886 1776 943 terrenum,

140 982 242 1039 restra,
261 971 400 1026 intimasse
423 968 499 1023 nobis
511 965 641 1038 quosdam
654 965 850 1022 sincerissimos
866 964 932 1019 dde-
984 969 1021 1023 its
1035 978 1062 1024 et
1075 969 1186 1024 coeleste
1200 983 1311 1037 regnum
1325 983 1389 1023 cum
1403 967 1506 1022 sanctis
1520 975 1550 1021 ct
1563 967 1655 1022 electis
1669 968 1716 1022 bei
1729 983 1777 1038 per

141 1060 182 1118 les
196 1063 324 1133 spiritalis
339 1056 432 1116 matris
447 1071 544 1116 vestre
558 1068 659 1115 sauctae
674 1069 774 1115 nostrae
790 1058 931 1124 Ecclesiae,
983 1059 1086 1115 inllnlta
1096 1058 1334 1129 saeculacousequi
1345 1059 1511 1114 meremini.
1521 1058 1558 1113 lle
1570 1059 1695 1114 omnibus
1706 1074 1771 1115 tero

140 1152 213 1222 quod
235 1166 283 1208 sett
302 1153 416 1222 patricii,
432 1150 584 1207 deferentes
598 1165 689 1205 secum
708 1157 826 1203 trecenta
853 1146 931 1203 nati·
984 1152 1074 1207 subtili
1089 1143 1257 1207 enarratione
1269 1152 1394 1222 praesenti
1408 1151 1553 1206 coniberto
1565 1162 1657 1205 nestro
1671 1151 1772 1206 tidelis·

141 1244 194 1316 gis,
210 1245 344 1314 simulans
358 1256 385 1300 et
400 1245 570 1300 Siciliensem
584 1244 693 1310 stolum,
707 1244 733 1298 iu
746 1243 814 1296 lianc
834 1238 932 1296 Ruma-
984 1244 1052 1298 simo
1066 1257 1144 1298 tasso
1155 1242 1322 1312 injunximus
1335 1252 1430 1297 cuncta
1444 1240 1570 1310 liquidius
1583 1250 1681 1296 restrae
1691 1242 1775 1309 regali

141 1347 204 1388 nata
219 1335 312 1389 urbem
326 1334 441 1389 absoluti
456 1349 471 1389 a
487 1334 560 1406 regia
582 1336 649 1390 urbe
663 1336 695 1390 ad
712 1348 760 1388 trus
776 1343 931 1403 properant.
986 1337 1110 1404 potentias
1123 1349 1277 1405 suggerere.
1298 1334 1352 1390 Sed
1371 1345 1398 1389 et
1420 1332 1471 1388 ltoc
1485 1333 1582 1387 obnixe
1608 1332 1773 1402 postulamus

139 1425 208 1492 Quid
225 1426 336 1482 illeliul
351 1442 441 1496 agere,
458 1437 504 1483 aut
528 1443 577 1496 pro
601 1442 652 1496 uua
675 1426 827 1496 diriguntur
840 1439 930 1492 causa,
984 1430 1126 1498 benignam
1149 1429 1336 1484 excellentiam
1351 1435 1481 1494 cestram,
1498 1435 1527 1481 ut
1548 1426 1647 1481 missos
1670 1433 1774 1481 vestros
1823 1472 1831 1490 ,

139 1518 180 1573 rei
194 1518 337 1573 veritatem
359 1519 538 1588 ignoramus:
554 1518 605 1573 boc
617 1526 720 1573 lantum
735 1517 811 1571 uobis
825 1515 932 1569 nuntia·
984 1532 1072 1591 aptos,
1087 1520 1181 1590 qualus
1207 1520 1283 1574 uobis
1298 1519 1458 1590 placuerint,
1480 1518 1513 1573 ad
1534 1533 1583 1573 nos
1597 1517 1714 1587 dirigere
1727 1517 1775 1570 de·

139 1618 195 1664 luto
209 1619 251 1667 osi
262 1611 332 1681 qood
346 1611 379 1665 ad
393 1625 442 1665 uos
456 1610 593 1682 progredi,
610 1618 637 1665 ei
651 1609 685 1664 ad
699 1621 814 1664 vestrim
826 1621 931 1662 somme
984 1613 1080 1676 beatis,
1093 1613 1138 1681 nui
1157 1613 1184 1668 in
1199 1620 1293 1666 nostro
1306 1611 1477 1666 inveniantur
1497 1624 1558 1664 esse
1573 1609 1671 1663 auxilio
1686 1627 1691 1662 :
1706 1624 1775 1663 ontis

138 1701 300 1757 laudabilem
320 1703 529 1770 precellentium
543 1704 570 1757 itt
587 1703 730 1758 branciam
746 1701 848 1770 ingredi
868 1710 931 1756 sunt
985 1713 1121 1760 tamense
1137 1704 1178 1758 eis
1196 1716 1280 1772 ttsqtte
1303 1701 1426 1756 Ticinum
1452 1715 1598 1771 properare
1619 1699 1729 1768 debeat,
1746 1711 1774 1753 nt

138 1793 259 1864 dispositi
275 1813 281 1849 ι
305 1794 456 1864 eademque
479 1794 557 1849 uobis
581 1795 729 1848 destinatas
744 1794 846 1848 litteras
862 1794 929 1850 iutra
947 1765 1046 1852 Bdunt
1060 1811 1121 1851 cum
1137 1792 1278 1850 Desiderio
1292 1808 1355 1863 rege
1370 1793 1475 1848 locutus
1491 1791 1581 1855 luerit,
1600 1789 1727 1861 quidquid
1748 1792 1772 1843 ei

137 1885 196 1942 hac
207 1897 298 1942 ooslro
313 1885 412 1956 irripio
430 1898 530 1941 vestro
544 1885 709 1940 etceiieoiiae
722 1884 872 1938 direximus
887 1885 930 1940 in·
983 1891 1011 1945 in
1037 1888 1175 1955 responsis
1197 1884 1357 1952 reddiderit,
1375 1894 1472 1938 restrae
1491 1882 1658 1937 excellentiae
1673 1896 1774 1935 rennn-

137 1982 262 2040 mendas.
279 1981 371 2052 ltaque
385 1990 412 2036 et
431 1982 483 2035 boc
505 1979 698 2034 conservandae
719 1978 867 2033 eximietati
884 1993 931 2032 se·
983 1979 1032 2033 tiet
1047 1996 1053 2031 ι
1070 1977 1166 2046 reliqui
1181 1990 1245 2030 tcto
1255 1975 1312 2029 duo
1323 1989 1383 2029 cum
1399 1983 1489 2030 uestro
1503 1971 1633 2038 dispositu
1654 1980 1683 2027 et
1701 1971 1774 2024 ordi·

138 2082 203 2130 stre
213 2075 417 2138 innotescimus,
429 2072 499 2143 quaid
510 2072 734 2144 quemadmodum
747 2072 773 2127 in
787 2073 929 2141 praesentia
983 2071 1091 2126 natione
1106 2068 1175 2138 apud
1191 2082 1241 2124 nos
1256 2067 1420 2138 coniungere
1436 2066 1573 2132 festinent,
1589 2073 1618 2120 ut
1633 2065 1774 2127 innostro,

136 2169 279 2224 missorum
294 2176 445 2223 vestrorunt
459 2166 578 2222 constitit
591 2181 651 2221 cnm
666 2165 809 2221 Desiderio
824 2166 929 2236 Longo·
982 2173 1011 2219 ut
1026 2163 1124 2218 dictum
1140 2170 1192 2229 est,
1207 2162 1356 2217 consistant
1370 2158 1481 2218 auritio.
1506 2158 1669 2213 incolumem
1684 2157 1774 2212 excul-

135 2259 281 2316 btrdorum
296 2275 370 2331 rege,
395 2270 423 2313 ut
439 2268 545 2313 uestras
561 2258 742 2312 bumanorum
756 2257 873 2327 justitias
895 2272 927 2313 ex
982 2255 1092 2311 lentiam
1107 2263 1222 2309 vestram
1238 2253 1324 2324 gratia
1339 2265 1456 2323 superna
1473 2248 1617 2307 custodiat.

138 2351 265 2407 omnibus
287 2348 528 2421 Longobardorum
548 2347 700 2404 ciuitatibus
716 2349 822 2420 plenius
836 2351 931 2419 primi·

136 2449 181 2498 tus
205 2444 401 2512 acciperemus,
425 2450 453 2498 et
477 2442 512 2496 ita
537 2441 707 2511 postmodum
729 2440 762 2496 ad
792 2441 876 2496 uicem
895 2456 928 2497 es
1268 2408 1429 2466 ffiswffl
1455 2408 1487 2463 v·

136 2534 260 2590 omnibus
289 2533 389 2590 nostris
417 2533 572 2590 civitatibus
598 2534 715 2604 integras
744 2533 929 2604 Longobardis
1229 2543 1262 2583 to
1281 2541 1403 2580 stuuruuu
1422 2538 1520 2580 nescu.

135 2621 285 2680 '²⁰⁰i0ffl118
320 2624 461 2694 ἱυὸῑῑῑῑθῦὶ
495 2625 556 2680 treti
588 2625 614 2680 5¹¹
651 2624 835 2694 h⁰J¹¹⁵⁰0¹¹¹⁰¹li
870 2625 929 2694 ⁰1⁰⁸
983 2633 1772 2709 vexucrontensostepltonopupaeuPippiuoregedonulu;

135 2715 340 2787 pollicitatione,
356 2732 435 2786 uuam
451 2718 477 2772 in
500 2717 643 2787 prasentia
659 2718 849 2787 predictorum
864 2719 928 2775 mis-
1014 2729 1062 2796 quo
1079 2714 1129 2765 rint
1144 2710 1232 2765 lloute
1246 2710 1345 2779 noejus
1360 2709 1444 2762 nilssis
1457 2709 1490 2761 ud
1504 2707 1570 2761 beuti
1586 2706 1658 2758 Petri
1670 2708 1771 2773 euripis-

135 2818 227 2865 !orttm
253 2818 401 2864 nestrorum
426 2809 560 2875 exhibuit,
585 2821 693 2866 nostros
718 2812 814 2866 missos
829 2810 928 2867 direxi·
1013 2779 1225 2880 ⁸¹⁰“⁶”¹‚⁰⁶¹⁰¹.⁰’
1250 2790 1273 2835 θ’
1299 2797 1314 2833 ‘⁸
1342 2779 1426 2834 ΜΟ
1454 2794 1522 2849 ''⁰¹'‘
1549 2786 1667 2845 ‘wem
1694 2784 1770 2844 ΜΨ

135 2914 195 2958 ptus
210 2901 243 2955 ad
259 2900 368 2956 easdem
393 2901 562 2971 recipiendas
587 2902 775 2973 faciendasque
798 2903 925 2973 justitias.
1015 2862 1162 2909 ‘mmm
1177 2863 1220 2908 ἠ’

135 2991 196 3065 ipsc
207 3008 271 3049 tero
281 2995 371 3049 varias
381 2994 514 3050 adltibens
527 2996 700 3051 occasionum
717 2999 862 3065 versutias,
879 3012 927 3054 ne·
1014 2991 1127 3048 Domino
1150 2991 1378 3049 excellentisstmo
1403 2987 1457 3043 lulio
1483 2997 1511 3042 et
1538 2996 1632 3041 nostro
1656 2984 1770 3051 spiritali

136 3099 266 3156 quaquam
283 3085 361 3140 nobis
375 3085 509 3156 primitus,
534 3095 562 3140 ut
580 3089 711 3149 constitit.
735 3089 871 3159 plenarias
892 3088 926 3146 de
980 3086 1111 3153 compatri
1129 3084 1242 3154 Plppino
1255 3081 1309 3153 regi
1327 3082 1490 3136 Francorum
1504 3087 1531 3133 et
1547 3077 1658 3148 patricio
1674 3076 1772 3130 liuntu-

136 3177 260 3232 omuibus
273 3177 330 3232 suis
351 3177 504 3235 ciuitatibus
519 3177 607 3234 iacere
629 3181 714 3234 soluit
728 3195 795 3250 qttus
807 3182 929 3252 exquiri·
982 3193 1076 3235 norum
1092 3180 1189 3234 Patulus
1202 3194 1279 3248 papa.

136 3280 195 3322 mus
209 3266 339 3338 justitias,
353 3268 427 3323 etita
442 3268 551 3322 demum
566 3284 629 3324 snas
640 3270 666 3325 in
678 3271 782 3342 integro
796 3273 930 3328 exomni·
1016 3273 1081 3328 Cum
1095 3274 1210 3326 maximo
1225 3271 1435 3326 bonoritlcsntis
1449 3278 1557 3336 conatu,
1571 3276 1598 3323 et
1613 3266 1769 3322 dilectionis

136 3360 187 3417 bus
217 3362 317 3416 uostris
350 3358 502 3416 ciuitatibus
539 3363 693 3432 recipere:
720 3364 767 3418 sed
792 3364 930 3436 sigillatim
980 3361 1090 3429 adiectu,
1105 3377 1171 3431 uuas
1188 3362 1316 3431 praeclara
1332 3362 1491 3417 excellentia
1506 3371 1593 3416 restra
1606 3360 1680 3415 misit
1701 3359 1771 3414 litte-

136 3453 366 3510 lantuntmodode
380 3471 431 3509 una
446 3456 555 3510 ciuitate
577 3454 678 3522 lacere,
694 3465 722 3512 et
741 3457 775 3512 de
791 3457 841 3511 alia
862 3459 932 3513 reci·
981 3469 1036 3521 ras,
1059 3453 1207 3508 iereutibus
1233 3452 1340 3506 Andrea
1363 3461 1389 3506 ct
1414 3451 1565 3504 Gunderiso
1586 3450 1770 3505 solertissimis

137 3557 202 3615 pere
215 3545 324 3608 maluit;
337 3544 432 3600 uolens
449 3560 496 3614 per
511 3544 564 3600 hoc
587 3546 745 3602 dilationem
768 3546 878 3616 iuierre,
894 3564 931 3604 ue
981 3548 1055 3611 uiris,
1066 3546 1273 3602 Christianitatis
1280 3555 1376 3600 uestrae
1387 3544 1485 3608 missis,
1497 3551 1665 3612 acceptantes
1675 3555 1768 3596 susce·

136 3650 198 3706 pars
211 3644 302 3691 nostra
313 3635 496 3690 bumanorum
511 3636 647 3704 propriam
658 3649 842 3708 consequatur
848 3639 930 3709 justi·
980 3641 1079 3710 pintus.
1116 3639 1151 3694 dt
1172 3648 1228 3711 post
1251 3639 1328 3693 ulie:
1353 3638 1453 3692 interea
1477 3634 1723 3705 praecellentissime
1738 3648 1771 3688 ac

137 3730 437 3787 transterremus
461 3729 538 3784 missi
555 3728 620 3785 nibil
638 3730 813 3799 impetrantes
827 3732 860 3787 ad
880 3746 930 3787 nos
980 3733 1173 3803 benignissime
1200 3747 1246 3788 rex
1273 3730 1503 3786 cbristianlssime
1523 3726 1559 3783 oli
1584 3734 1612 3783 cl
1642 3726 1770 3796 spiritalis

136 3822 195 3878 sine
209 3820 306 3877 edeclu
329 3820 432 3876 reversi
452 3832 526 3876 snut.
542 3820 577 3876 Et
600 3822 691 3892 plures
714 3822 930 3892 depraedationes
980 3835 1129 3895 compater,
1145 3825 1311 3893 suscepimus
1322 3832 1351 3878 et
1364 3837 1483 3878 mensam
1497 3821 1580 3886 illam,
1604 3835 1683 3888 quarn
1703 3817 1767 3874 oiim

136 3925 168 3968 ex
181 3920 253 3976 tuuc,
270 3920 350 3980 atque
363 3910 444 3963 multa
462 3919 489 3966 et
501 3910 621 3966 inaudita
633 3911 701 3965 mala
714 3913 741 3966 iu
761 3914 862 3969 nostris
879 3913 930 3968 itu·
979 3926 1080 3972 sanctas
1094 3916 1287 3971 reeordationis
1301 3914 1411 3970 domino
1421 3921 1449 3968 el
1460 3927 1588 3984 germano
1599 3922 1691 3966 nostro
1704 3909 1769 3966 bea·

137 4002 222 4059 mittit
238 4003 345 4058 linibus.
363 4001 515 4058 Undeecce
528 4003 845 4060 suaseonlestimdiresit
858 4006 930 4061 litte·
980 4006 1084 4064 tissima
1106 4007 1241 4078 Stephano
1260 4021 1344 4077 pape,
1372 4014 1400 4062 et
1427 4022 1475 4076 per
1497 4021 1557 4060 enm
1586 4004 1664 4058 beato
1687 4003 1767 4058 Petro

137 4107 196 4161 ras,
211 4108 261 4164 per
275 4108 342 4163 quas
355 4093 494 4149 conlidens
508 4094 534 4148 iu
548 4109 595 4149 sua
611 4094 759 4161 ierotitate,
774 4094 858 4151 Deum
874 4111 929 4167 prae
979 4103 1099 4172 apostolo
1113 4101 1256 4157 obtulistis.
1271 4101 1355 4168 Quium
1370 4110 1398 4155 et
1416 4114 1477 4154 curn
1493 4099 1599 4171 hymnis
1612 4105 1639 4152 et
1655 4097 1767 4152 martisia

136 4184 223 4241 oeulis
239 4199 292 4239 uon
309 4185 423 4250 babens,
441 4200 490 4241 uec
502 4185 609 4242 beatum
624 4185 771 4255 principem
795 4189 929 4256 apostolo·
979 4193 1154 4264 spiritalibus,
1169 4193 1268 4247 litanias
1281 4190 1534 4248 laudesmlemniter
1544 4190 1597 4244 ileo
1609 4188 1766 4253 relerentes,

136 4291 195 4334 rum
215 4273 323 4333 Petrum
335 4287 470 4344 mctttcus,
485 4279 710 4335 comminationes
724 4281 802 4336 uobis
817 4281 926 4348 direxit,
980 4285 1048 4341 inira
1062 4286 1148 4340 aulam
1162 4284 1246 4357 ipsius
1260 4285 1386 4354 principis
1411 4283 1591 4355 apostulorum
1618 4280 1769 4338 introduxi-

136 4374 164 4425 et
184 4369 272 4424 inania
297 4369 492 4424 detractionum
510 4373 591 4426 rerba
617 4372 738 4441 protulit.
760 4373 831 4441 Quas
845 4386 871 4429 et
892 4373 928 4428 de
980 4392 1040 4432 mus
1052 4382 1206 4447 :utramque
1220 4377 1301 4433 vestri
1313 4377 1386 4433 missi
1400 4377 1427 4432 in
1441 4391 1544 4432 sacram
1560 4376 1769 4444 contessionem,

137 4461 274 4529 praesenti,
300 4462 368 4515 inira
393 4461 463 4517 banc
485 4472 604 4517 nostram
629 4464 793 4518 exarationis
818 4467 925 4532 seriem,
944 4481 1064 4545 „super
1077 4481 1174 4537 corpus
1188 4469 1290 4525 scilicet
1303 4469 1424 4540 ejusdem
1447 4471 1577 4527 caelorum
1599 4468 1724 4539 janitoris
1736 4483 1770 4524 ex

137 4557 227 4604 restro
246 4548 405 4621 praefulgido
420 4562 447 4607 et
461 4567 475 4606 a
491 4552 546 4608 [leo
566 4553 689 4608 instituto
703 4555 814 4610 culmini
827 4557 929 4612 direxi·
985 4562 1066 4616 uestri
1079 4576 1192 4631 persona
1202 4562 1367 4618 obtulerunt.
1378 4562 1463 4630 Quam
1475 4573 1503 4618 et
1512 4562 1655 4617 chrismate
1668 4562 1771 4615 utactio

137 4652 208 4702 ¹⁰⁰⁵.
225 4648 254 4693 ut
267 4654 358 4696 earum
376 4643 504 4711 praecelsa
518 4645 659 4699 eximietas
678 4655 766 4701 uestra
780 4662 930 4716 agnoscens
981 4653 1024 4707 nis
1036 4655 1244 4720 sanctificantes,
1268 4663 1296 4710 et
1317 4669 1421 4709 sacram
1436 4637 1597 4707 oblationem
1611 4663 1695 4718 super
1710 4663 1769 4704 eam

136 4738 251 4798 testum,
267 4733 418 4788 consideret
431 4745 529 4804 quauta
544 4738 579 4789 sil
592 4737 650 4804 ejus
665 4737 777 4804 malitia,
792 4749 820 4794 et
835 4741 930 4796 elatio·
981 4746 1163 4815 imponentes,
1179 4745 1338 4802 sacridcium
1359 4745 1444 4798 laudis
1463 4742 1518 4796 Deo
1529 4741 1706 4809 omnipotenti
1722 4755 1771 4809 pru
1803 4727 1813 4746 ⁸

136 4824 180 4879 nio
192 4824 282 4879 pordit
295 4825 432 4894 superbia,
452 4827 479 4882 in
500 4825 526 4880 id
550 4827 621 4897 quod
641 4838 734 4883 contra
756 4829 863 4886 beatum
880 4833 929 4888 l'c·
981 4846 1081 4893 eterna
1094 4840 1191 4894 animm
1204 4847 1299 4894 vestre
1312 4834 1526 4891 remuneratione
1540 4840 1567 4889 et
1578 4833 1652 4903 regui
1664 4833 1770 4889 stabili·

136 4925 218 4985 trum,
234 4927 262 4973 et
275 4929 394 4974 uestram
408 4922 524 4991 regalem
541 4923 725 4989 potentiamss
738 4925 856 4994 erigens,
874 4942 931 4981 mu-

136 5007 207 5063 litlas
223 5008 301 5063 nobis
314 5009 493 5065 comminatur
514 5011 624 5067 inferre.
639 5012 693 5068 Sed
714 5029 764 5068 uos
784 5029 860 5084 spem
882 5032 931 5069 no·

135 5108 232 5166 stram,
247 5111 308 5172 post
320 5102 414 5169 ileum,
428 5104 494 5158 sicot
507 5102 741 5176 inexpugnabilem
751 5122 868 5174 murum,
883 5109 930 5162 ltr-

136 5189 285 5247 missinxam
301 5193 328 5248 in
349 5205 466 5250 uestram
483 5195 565 5250 abeo
579 5199 779 5255 corroboratam
794 5202 930 5258 excellen-

983 4938 1037 4984 tate
1049 4931 1213 4994 obtulimus;
1229 4929 1406 4984 decernentes
1425 4926 1570 4993 apostolica
1590 4938 1703 4980 censura
1717 4925 1768 4980 sub

981 5022 1161 5078 anathematis
1179 5018 1391 5089 interpositione,
1408 5018 1472 5072 nulli
1486 5030 1600 5087 unquam
1615 5017 1698 5075 licere
1709 5032 1769 5074 eant

978 5113 1016 5177 ao
1032 5113 1153 5168 Ecclesia
1169 5110 1238 5165 besti
1255 5110 1326 5165 Petri
1341 5109 1470 5164 alienare.
1487 5108 1520 5164 iil
1530 5123 1592 5165 ecce
1616 5110 1773 5166 memoriale

982 5215 1099 5262 uestrum
1116 5207 1142 5259 in
1156 5203 1249 5258 eadem
1262 5203 1407 5274 apostolica
1422 5202 1481 5257 aula
1498 5201 1604 5274 fulgens
1630 5215 1772 5273 permanet

136 5282 202 5335 tiam
218 5283 358 5340 babemus.
373 5287 424 5341 l‘ro
436 5303 491 5358 quo
505 5288 575 5344 dexo
591 5291 689 5360 poplite
702 5294 828 5361 petimus,
840 5307 870 5352 et
881 5316 929 5369 per
982 5296 1008 5352 in
1036 5307 1167 5350 eternum
1184 5311 1191 5347 z
1212 5293 1290 5364 cujus
1313 5295 1556 5351 remunerationem
1575 5310 1623 5350 uus
1642 5295 1772 5351 creditea

136 5390 188 5431 nus
207 5377 288 5432 etiarn
309 5381 403 5437 beatus
419 5384 514 5440 Petrus
527 5389 711 5456 apostolorum
738 5393 866 5463 princeps
884 5412 928 5453 se.
979 5389 1054 5458 justo
1074 5387 1236 5443 retributore
1251 5387 1363 5442 [lumino
1377 5387 1441 5453 ileo,
1455 5397 1483 5442 et
1498 5388 1576 5443 beato
1589 5388 1770 5457 apostolorum

134 5479 221 5527 stram
236 5476 391 5545 aggreditur
405 5479 532 5535 eximiam
552 5484 769 5553 praecellentium,
795 5502 929 5559 quatenus
981 5482 1102 5551 liilssssil)e
1115 5481 1206 5550 Ρθῑῑθι
1219 5479 1246 5536 ῑΰ
1262 5479 1417 5536 (01031Ῑῦὓὸ
1437 5480 1527 5550 reguis
1547 5479 1717 5549 melliflui·
1733 5479 1771 5536 ⁰0

134 5561 284 5631 inspiratus
297 5563 334 5619 ob
348 5566 534 5637 omnipotente
551 5571 674 5644 ileo,qtti
691 5591 738 5632 ros
759 5589 860 5635 sauctae
874 5599 929 5640 sote
982 5573 1098 5646 Georgio
1122 5576 1211 5645 itaque
1235 5586 1262 5632 et
1284 5575 1364 5632 Petro
1387 5574 1457 5644 uuod
1485 5572 1640 5629 innotuistis
1662 5577 1773 5629 omnino

137 5654 267 5712 destruas
282 5657 454 5716 defensorem
474 5678 506 5718 ac
521 5664 692 5723 liberatorem
705 5672 865 5739 'constituit,
886 5690 931 5731 ss.
982 5671 1147 5741 agnouimus.
1164 5670 1217 5726 Sed
1244 5669 1295 5723 boc
1311 5671 1337 5723 in
1362 5677 1460 5723 vestre
1489 5669 1636 5722 uoluntatis
1658 5665 1771 5724 arbitrio

138 5746 223 5808 lolem
237 5759 360 5808 nostram
373 5752 541 5826 amplissime
554 5771 709 5833 procurare,
724 5770 752 5819 et
767 5773 861 5824 contre
874 5781 931 5827 otu·
983 5763 1146 5834 relaxamus,
1170 5773 1198 5819 ut
1216 5765 1331 5834 qualitor
1352 5761 1427 5821 rubis
1441 5752 1586 5835 placuerit,
1611 5758 1647 5820 ita
1673 5774 1709 5821 er
1728 5766 1775 5822 eis
