<?xml version="1.0" encoding="UTF-8"?>
<!DOCTYPE html PUBLIC "-//W3C//DTD XHTML 1.0 Transitional//EN"
    "http://www.w3.org/TR/xhtml1/DTD/xhtml1-transitional.dtd">
<html xmlns="http://www.w3.org/1999/xhtml" xml:lang="en" lang="en">
 <head>
  <title>
</title>
<meta http-equiv="Content-Type" content="text/html;charset=utf-8" />
  <meta name='ocr-system' content='tesseract 3.04.00' />
  <meta name='ocr-capabilities' content='ocr_page ocr_carea ocr_par ocr_line ocrx_word'/>
</head>
<body>
  <div class='ocr_page' id='page_1' title='image "./patrologiaecurs74unkngoog_0033.png"; bbox 0 0 3832 6114; ppageno 0'>
   <div class='ocr_carea' id='block_1_1' title="bbox 141 316 1758 507">
    <p class='ocr_par' dir='ltr' id='par_1_1' title="bbox 141 316 1758 507">
     <span class='ocr_line' id='line_1_1' title="bbox 141 316 1755 375; baseline -0.003 0"><span class='ocrx_word' id='word_1_1' title='bbox 141 317 177 375; x_wconf 76' lang='lat' dir='ltr'><strong>bb</strong></span> <span class='ocrx_word' id='word_1_2' title='bbox 776 316 926 371; x_wconf 66' lang='lat' dir='ltr'><strong>institis</strong></span> <span class='ocrx_word' id='word_1_3' title='bbox 946 316 1034 372; x_wconf 83' lang='lat' dir='ltr'><strong>PAPA</strong></span> <span class='ocrx_word' id='word_1_4' title='bbox 1056 317 1110 370; x_wconf 83' lang='lat' dir='ltr'><strong>tit.</strong></span> <span class='ocrx_word' id='word_1_5' title='bbox 1723 316 1755 370; x_wconf 84' lang='lat' dir='ltr'><strong>so</strong></span> 
     </span>
     <span class='ocr_line' id='line_1_2' title="bbox 142 420 1758 507; baseline -0.002 -17"><span class='ocrx_word' id='word_1_6' title='bbox 142 449 208 492; x_wconf 86' lang='lat' dir='ltr'><strong>raso</strong></span> <span class='ocrx_word' id='word_1_7' title='bbox 222 445 249 492; x_wconf 90' lang='lat' dir='ltr'><strong>et</strong></span> <span class='ocrx_word' id='word_1_8' title='bbox 264 437 393 507; x_wconf 71' lang='lat' dir='ltr'><strong>imagines</strong></span> <span class='ocrx_word' id='word_1_9' title='bbox 408 450 455 503; x_wconf 89' lang='lat' dir='ltr'><strong>per</strong></span> <span class='ocrx_word' id='word_1_10' title='bbox 472 434 592 489; x_wconf 89' lang='lat' dir='ltr'><strong>dirersas</strong></span> <span class='ocrx_word' id='word_1_11' title='bbox 617 431 762 496; x_wconf 87' lang='lat' dir='ltr'><strong>ecclesias,</strong></span> <span class='ocrx_word' id='word_1_12' title='bbox 780 445 847 496; x_wconf 85' lang='lat' dir='ltr'><strong>neas</strong></span> <span class='ocrx_word' id='word_1_13' title='bbox 859 420 926 502; x_wconf 70' lang='lat' dir='ltr'><strong>eai-</strong></span> <span class='ocrx_word' id='word_1_14' title='bbox 941 437 966 497; x_wconf 70' lang='grc' dir='ltr'><strong>Α</strong></span> <span class='ocrx_word' id='word_1_15' title='bbox 979 428 1153 500; x_wconf 88' lang='lat' dir='ltr'><strong>episcopium,</strong></span> <span class='ocrx_word' id='word_1_16' title='bbox 1167 435 1294 497; x_wconf 84' lang='lat' dir='ltr'><strong>quantum</strong></span> <span class='ocrx_word' id='word_1_17' title='bbox 1306 427 1338 481; x_wconf 86' lang='lat' dir='ltr'><strong>ad</strong></span> <span class='ocrx_word' id='word_1_18' title='bbox 1359 441 1390 482; x_wconf 88' lang='lat' dir='ltr'><strong>se</strong></span> <span class='ocrx_word' id='word_1_19' title='bbox 1404 427 1705 497; x_wconf 74' lang='lat' dir='ltr'><strong>tcomurueramntun,</strong></span> <span class='ocrx_word' id='word_1_20' title='bbox 1728 434 1758 487; x_wconf 83' lang='lat' dir='ltr'><strong>ii·</strong></span> 
     </span>
    </p>
   </div>
   <div class='ocr_carea' id='block_1_2' title="bbox 143 520 928 864">
    <p class='ocr_par' dir='ltr' id='par_1_2' title="bbox 143 520 928 864">
     <span class='ocr_line' id='line_1_3' title="bbox 144 520 927 598; baseline -0.011 -13"><span class='ocrx_word' id='word_1_21' title='bbox 144 543 247 598; x_wconf 76' lang='lat' dir='ltr'><strong>cunque</strong></span> <span class='ocrx_word' id='word_1_22' title='bbox 259 542 338 584; x_wconf 88' lang='lat' dir='ltr'><strong>nosse</strong></span> <span class='ocrx_word' id='word_1_23' title='bbox 350 526 513 591; x_wconf 67' lang='lat' dir='ltr'><strong>desideria·</strong></span> <span class='ocrx_word' id='word_1_24' title='bbox 527 524 555 579; x_wconf 92' lang='lat' dir='ltr'><strong>in</strong></span> <span class='ocrx_word' id='word_1_25' title='bbox 565 523 604 579; x_wconf 90' lang='lat' dir='ltr'><strong>cis</strong></span> <span class='ocrx_word' id='word_1_26' title='bbox 616 522 673 592; x_wconf 81' lang='lat' dir='ltr'><strong>cius</strong></span> <span class='ocrx_word' id='word_1_27' title='bbox 684 520 783 576; x_wconf 86' lang='lat' dir='ltr'><strong>ruitura</strong></span> <span class='ocrx_word' id='word_1_28' title='bbox 795 521 927 590; x_wconf 88' lang='lat' dir='ltr'><strong>depictum</strong></span> 
     </span>
     <span class='ocr_line' id='line_1_4' title="bbox 146 614 925 690; baseline -0.013 -12"><span class='ocrx_word' id='word_1_29' title='bbox 146 619 271 690; x_wconf 85' lang='lat' dir='ltr'><strong>reperiet.</strong></span> <span class='ocrx_word' id='word_1_30' title='bbox 285 618 423 672; x_wconf 77' lang='lat' dir='ltr'><strong>basilicam</strong></span> <span class='ocrx_word' id='word_1_31' title='bbox 447 618 563 687; x_wconf 89' lang='lat' dir='ltr'><strong>itemque</strong></span> <span class='ocrx_word' id='word_1_32' title='bbox 584 626 682 670; x_wconf 83' lang='lat' dir='ltr'><strong>sancte</strong></span> <span class='ocrx_word' id='word_1_33' title='bbox 698 615 743 669; x_wconf 87' lang='lat' dir='ltr'><strong>bei</strong></span> <span class='ocrx_word' id='word_1_34' title='bbox 759 614 901 668; x_wconf 82' lang='lat' dir='ltr'><strong>Gcrnitricis</strong></span> <span class='ocrx_word' id='word_1_35' title='bbox 917 653 925 680; x_wconf 90' lang='lat'><strong>,</strong></span> 
     </span>
     <span class='ocr_line' id='line_1_5' title="bbox 146 703 928 777; baseline -0.006 -15"><span class='ocrx_word' id='word_1_36' title='bbox 146 709 325 777; x_wconf 75' lang='lat' dir='ltr'><strong>queuntium</strong></span> <span class='ocrx_word' id='word_1_37' title='bbox 339 718 459 770; x_wconf 80' lang='lat' dir='ltr'><strong>racana,</strong></span> <span class='ocrx_word' id='word_1_38' title='bbox 475 707 577 774; x_wconf 77' lang='lat' dir='ltr'><strong>pictura</strong></span> <span class='ocrx_word' id='word_1_39' title='bbox 589 704 734 771; x_wconf 88' lang='lat' dir='ltr'><strong>decorarit,</strong></span> <span class='ocrx_word' id='word_1_40' title='bbox 752 703 858 769; x_wconf 78' lang='lat' dir='ltr'><strong>illicque</strong></span> <span class='ocrx_word' id='word_1_41' title='bbox 871 717 928 757; x_wconf 84' lang='lat' dir='ltr'><strong>aur·</strong></span> 
     </span>
     <span class='ocr_line' id='line_1_6' title="bbox 143 791 925 864; baseline -0.009 -10"><span class='ocrx_word' id='word_1_42' title='bbox 143 796 241 854; x_wconf 84' lang='lat' dir='ltr'><strong>benere</strong></span> <span class='ocrx_word' id='word_1_43' title='bbox 259 798 362 853; x_wconf 87' lang='lat' dir='ltr'><strong>noviter</strong></span> <span class='ocrx_word' id='word_1_44' title='bbox 388 796 470 861; x_wconf 91' lang='lat' dir='ltr'><strong>lceit,</strong></span> <span class='ocrx_word' id='word_1_45' title='bbox 492 805 519 850; x_wconf 90' lang='lat' dir='ltr'><strong>et</strong></span> <span class='ocrx_word' id='word_1_46' title='bbox 543 810 624 864; x_wconf 89' lang='lat' dir='ltr'><strong>super</strong></span> <span class='ocrx_word' id='word_1_47' title='bbox 642 794 763 849; x_wconf 87' lang='lat' dir='ltr'><strong>eamdem</strong></span> <span class='ocrx_word' id='word_1_48' title='bbox 779 791 925 848; x_wconf 83' lang='lat' dir='ltr'><strong>Ecclesiam</strong></span> 
     </span>
    </p>
   </div>
   <div class='ocr_carea' id='block_1_3' title="bbox 978 508 1765 859">
    <p class='ocr_par' dir='ltr' id='par_1_3' title="bbox 978 508 1761 772">
     <span class='ocr_line' id='line_1_7' title="bbox 979 508 1761 592; baseline -0.001 -15"><span class='ocrx_word' id='word_1_49' title='bbox 979 521 1089 592; x_wconf 83' lang='lat' dir='ltr'><strong>licque¹</strong></span> <span class='ocrx_word' id='word_1_50' title='bbox 1107 508 1275 586; x_wconf 85' lang='lat' dir='ltr'><strong>pontincatus</strong></span> <span class='ocrx_word' id='word_1_51' title='bbox 1298 517 1340 572; x_wconf 89' lang='lat' dir='ltr'><strong>sui</strong></span> <span class='ocrx_word' id='word_1_52' title='bbox 1364 525 1467 588; x_wconf 90' lang='lat' dir='ltr'><strong>tempus</strong></span> <span class='ocrx_word' id='word_1_53' title='bbox 1488 520 1615 588; x_wconf 79' lang='lat' dir='ltr'><strong>explerit.</strong></span> <span class='ocrx_word' id='word_1_54' title='bbox 1635 520 1684 575; x_wconf 93' lang='lat' dir='ltr'><strong>iiic</strong></span> <span class='ocrx_word' id='word_1_55' title='bbox 1699 523 1761 577; x_wconf 91' lang='lat' dir='ltr'><strong>lecit</strong></span> 
     </span>
     <span class='ocr_line' id='line_1_8' title="bbox 978 607 1759 680; baseline 0 -14"><span class='ocrx_word' id='word_1_56' title='bbox 978 611 1089 666; x_wconf 89' lang='lat' dir='ltr'><strong>calicem</strong></span> <span class='ocrx_word' id='word_1_57' title='bbox 1108 625 1218 665; x_wconf 90' lang='lat' dir='ltr'><strong>aureum</strong></span> <span class='ocrx_word' id='word_1_58' title='bbox 1238 607 1419 680; x_wconf 74' lang='lat' dir='ltr'><strong>praecipuum,</strong></span> <span class='ocrx_word' id='word_1_59' title='bbox 1441 619 1596 678; x_wconf 71' lang='lat' dir='ltr'>pensantem</span> <span class='ocrx_word' id='word_1_60' title='bbox 1620 610 1702 666; x_wconf 90' lang='lat' dir='ltr'><strong>libras</strong></span> <span class='ocrx_word' id='word_1_61' title='bbox 1723 612 1759 666; x_wconf 91' lang='lat' dir='ltr'><strong>ri·</strong></span> 
     </span>
     <span class='ocr_line' id='line_1_9' title="bbox 978 698 1616 772; baseline 0.002 -18"><span class='ocrx_word' id='word_1_62' title='bbox 978 700 1055 772; x_wconf 75' lang='lat' dir='ltr'><strong>piniti,</strong></span> <span class='ocrx_word' id='word_1_63' title='bbox 1066 715 1146 770; x_wconf 83' lang='lat' dir='ltr'><strong>quem</strong></span> <span class='ocrx_word' id='word_1_64' title='bbox 1160 709 1188 755; x_wconf 91' lang='lat' dir='ltr'><strong>et</strong></span> <span class='ocrx_word' id='word_1_65' title='bbox 1200 699 1314 770; x_wconf 70' lang='lat' dir='ltr'><strong>gemmis</strong></span> <span class='ocrx_word' id='word_1_66' title='bbox 1330 698 1457 767; x_wconf 71' lang='lat' dir='ltr'>preciosis</span> <span class='ocrx_word' id='word_1_67' title='bbox 1468 698 1616 755; x_wconf 87' lang='lat' dir='ltr'><strong>decorarit.</strong></span> 
     </span>
    </p>

    <p class='ocr_par' dir='ltr' id='par_1_4' title="bbox 1014 787 1765 859">
     <span class='ocr_line' id='line_1_10' title="bbox 1014 787 1765 859; baseline -0.004 -15"><span class='ocrx_word' id='word_1_68' title='bbox 1014 788 1122 858; x_wconf 77' lang='lat' dir='ltr'><strong>bliujus</strong></span> <span class='ocrx_word' id='word_1_69' title='bbox 1133 788 1296 859; x_wconf 73' lang='lat' dir='ltr'><strong>temporibus</strong></span> <span class='ocrx_word' id='word_1_70' title='bbox 1310 787 1511 856; x_wconf 78' lang='lat' dir='ltr'><strong>tripertiatur</strong></span> <span class='ocrx_word' id='word_1_71' title='bbox 1524 787 1765 859; x_wconf 73' lang='lat' dir='ltr'>Langobardorum</span> 
     </span>
    </p>
   </div>
   <div class='ocr_carea' id='block_1_4' title="bbox 682 897 1158 956">
    <p class='ocr_par' dir='ltr' id='par_1_5' title="bbox 682 897 1158 956">
     <span class='ocr_line' id='line_1_11' title="bbox 682 897 1158 956; baseline 0 0"><span class='ocrx_word' id='word_1_72' title='bbox 682 941 686 947; x_wconf 73' lang='lat'><strong>·</strong></span> <span class='ocrx_word' id='word_1_73' title='bbox 746 901 939 956; x_wconf 72' lang='lat' dir='ltr'><strong>instauras</strong></span> <span class='ocrx_word' id='word_1_74' title='bbox 957 897 1158 956; x_wconf 80' lang='lat' dir='ltr'><strong>tecrtoitaS.</strong></span> 
     </span>
    </p>
   </div>
   <div class='ocr_carea' id='block_1_5' title="bbox 119 969 609 1074">
    <p class='ocr_par' dir='ltr' id='par_1_6' title="bbox 119 969 609 1074">
     <span class='ocr_line' id='line_1_12' title="bbox 119 969 609 1074; baseline -0.027 -13"><span class='ocrx_word' id='word_1_75' title='bbox 119 969 126 1074; x_wconf 54' lang='grc' dir='ltr'><strong>ι</strong></span> <span class='ocrx_word' id='word_1_76' title='bbox 182 998 268 1056; x_wconf 84' lang='lat' dir='ltr'><strong>¹Cod.</strong></span> <span class='ocrx_word' id='word_1_77' title='bbox 281 998 356 1064; x_wconf 88' lang='lat' dir='ltr'><strong>Lue,</strong></span> <span class='ocrx_word' id='word_1_78' title='bbox 368 1006 511 1051; x_wconf 86' lang='lat' dir='ltr'><strong>construere</strong></span> <span class='ocrx_word' id='word_1_79' title='bbox 522 996 609 1050; x_wconf 86' lang='lat' dir='ltr'><strong>uoluit.</strong></span> 
     </span>
    </p>
   </div>
   <div class='ocr_carea' id='block_1_6' title="bbox 1016 991 1319 1060">
    <p class='ocr_par' dir='ltr' id='par_1_7' title="bbox 1016 991 1319 1060">
     <span class='ocr_line' id='line_1_13' title="bbox 1016 991 1319 1060; baseline -0.01 -14"><span class='ocrx_word' id='word_1_80' title='bbox 1016 991 1027 1023; x_wconf 85' lang='lat'><strong>¹</strong></span> <span class='ocrx_word' id='word_1_81' title='bbox 1044 991 1099 1055; x_wconf 65' lang='lat' dir='ltr'><strong>Al„</strong></span> <span class='ocrx_word' id='word_1_82' title='bbox 1114 992 1191 1046; x_wconf 88' lang='lat' dir='ltr'><strong>uisam</strong></span> <span class='ocrx_word' id='word_1_83' title='bbox 1201 992 1319 1060; x_wconf 78' lang='lat' dir='ltr'><strong>repleuit.</strong></span> 
     </span>
    </p>
   </div>
   <div class='ocr_carea' id='block_1_7' title="bbox 780 1082 1121 1160">
    <p class='ocr_par' dir='ltr' id='par_1_8' title="bbox 780 1082 1121 1160">
     <span class='ocr_line' id='line_1_14' title="bbox 780 1082 1121 1160; baseline 0.006 -2"><span class='ocrx_word' id='word_1_84' title='bbox 780 1082 781 1086; x_wconf 66' lang='lat'><em>&#39;</em></span> <span class='ocrx_word' id='word_1_85' title='bbox 812 1101 989 1158; x_wconf 85' lang='lat' dir='ltr'><strong>rantonun</strong></span> <span class='ocrx_word' id='word_1_86' title='bbox 1009 1103 1121 1160; x_wconf 80' lang='lat' dir='ltr'><strong>nora.</strong></span> 
     </span>
    </p>
   </div>
   <div class='ocr_carea' id='block_1_8' title="bbox 83 1193 945 4181">
    <p class='ocr_par' dir='ltr' id='par_1_9' title="bbox 147 1193 930 1742">
     <span class='ocr_line' id='line_1_15' title="bbox 181 1193 927 1271; baseline -0.013 -15"><span class='ocrx_word' id='word_1_87' title='bbox 181 1200 461 1271; x_wconf 67' lang='lat' dir='ltr'><strong>⁸1neiaejasuuttam</strong></span> <span class='ocrx_word' id='word_1_88' title='bbox 476 1198 612 1267; x_wconf 86' lang='lat' dir='ltr'><strong>depictum.</strong></span> <span class='ocrx_word' id='word_1_89' title='bbox 628 1193 750 1249; x_wconf 76' lang='lat' dir='ltr'><strong>Pontifex</strong></span> <span class='ocrx_word' id='word_1_90' title='bbox 760 1208 820 1247; x_wconf 92' lang='lat' dir='ltr'><strong>eum</strong></span> <span class='ocrx_word' id='word_1_91' title='bbox 840 1194 927 1248; x_wconf 84' lang='lat' dir='ltr'><strong>rarius</strong></span> 
     </span>
     <span class='ocr_line' id='line_1_16' title="bbox 149 1262 926 1343; baseline -0.015 -15"><span class='ocrx_word' id='word_1_92' title='bbox 149 1264 280 1342; x_wconf 68' lang='lat' dir='ltr'><strong>imagines</strong></span> <span class='ocrx_word' id='word_1_93' title='bbox 295 1270 320 1324; x_wconf 93' lang='lat' dir='ltr'><strong>in</strong></span> <span class='ocrx_word' id='word_1_94' title='bbox 336 1268 456 1322; x_wconf 90' lang='lat' dir='ltr'><strong>ecclesiis</strong></span> <span class='ocrx_word' id='word_1_95' title='bbox 470 1267 573 1320; x_wconf 90' lang='lat' dir='ltr'><strong>musiro</strong></span> <span class='ocrx_word' id='word_1_96' title='bbox 591 1279 673 1332; x_wconf 90' lang='lat' dir='ltr'><strong>opere</strong></span> <span class='ocrx_word' id='word_1_97' title='bbox 685 1263 801 1343; x_wconf 42' lang='lat' dir='ltr'><strong>depingi·</strong></span> <span class='ocrx_word' id='word_1_98' title='bbox 809 1262 926 1330; x_wconf 88' lang='lat' dir='ltr'><strong>juberet,</strong></span> 
     </span>
     <span class='ocr_line' id='line_1_17' title="bbox 147 1333 928 1412; baseline -0.014 -15"><span class='ocrx_word' id='word_1_99' title='bbox 147 1348 178 1397; x_wconf 89' lang='lat' dir='ltr'><strong>ut</strong></span> <span class='ocrx_word' id='word_1_100' title='bbox 191 1346 294 1395; x_wconf 89' lang='lat' dir='ltr'><strong>suamet</strong></span> <span class='ocrx_word' id='word_1_101' title='bbox 308 1339 394 1406; x_wconf 74' lang='lat' dir='ltr'><strong>imago</strong></span> <span class='ocrx_word' id='word_1_102' title='bbox 406 1337 547 1397; x_wconf 76' lang='lat' dir='ltr'><strong>adderetur</strong></span> <span class='ocrx_word' id='word_1_103' title='bbox 565 1335 678 1394; x_wconf 90' lang='lat' dir='ltr'><strong>curarit.</strong></span> <span class='ocrx_word' id='word_1_104' title='bbox 691 1333 767 1398; x_wconf 86' lang='lat' dir='ltr'><strong>Quod</strong></span> <span class='ocrx_word' id='word_1_105' title='bbox 793 1347 820 1385; x_wconf 89' lang='lat' dir='ltr'><strong>tn</strong></span> <span class='ocrx_word' id='word_1_106' title='bbox 846 1345 928 1412; x_wconf 75' lang='lat' dir='ltr'><strong>opere</strong></span> 
     </span>
     <span class='ocr_line' id='line_1_18' title="bbox 147 1400 928 1482; baseline -0.017 -17"><span class='ocrx_word' id='word_1_107' title='bbox 147 1411 182 1466; x_wconf 87' lang='lat' dir='ltr'><strong>de</strong></span> <span class='ocrx_word' id='word_1_108' title='bbox 195 1407 306 1464; x_wconf 77' lang='lat' dir='ltr'><strong>musivis</strong></span> <span class='ocrx_word' id='word_1_109' title='bbox 320 1409 444 1460; x_wconf 82' lang='lat' dir='ltr'><strong>observat</strong></span> <span class='ocrx_word' id='word_1_110' title='bbox 456 1404 621 1469; x_wconf 83' lang='lat' dir='ltr'><strong>ctamptnua,</strong></span> <span class='ocrx_word' id='word_1_111' title='bbox 632 1404 660 1458; x_wconf 89' lang='lat' dir='ltr'><strong>et</strong></span> <span class='ocrx_word' id='word_1_112' title='bbox 674 1417 726 1482; x_wconf 81' lang='lat' dir='ltr'><strong>uon</strong></span> <span class='ocrx_word' id='word_1_113' title='bbox 741 1400 823 1481; x_wconf 81' lang='lat' dir='ltr'><strong>semei</strong></span> <span class='ocrx_word' id='word_1_114' title='bbox 839 1400 928 1468; x_wconf 82' lang='lat' dir='ltr'><strong>produt</strong></span> 
     </span>
     <span class='ocr_line' id='line_1_19' title="bbox 149 1469 927 1549; baseline -0.019 -13"><span class='ocrx_word' id='word_1_115' title='bbox 149 1477 287 1546; x_wconf 71' lang='lat' dir='ltr'><strong>triatrus,</strong></span> <span class='ocrx_word' id='word_1_116' title='bbox 304 1476 366 1530; x_wconf 88' lang='lat' dir='ltr'><strong>dunt</strong></span> <span class='ocrx_word' id='word_1_117' title='bbox 386 1482 508 1530; x_wconf 84' lang='lat' dir='ltr'><strong>recenset</strong></span> <span class='ocrx_word' id='word_1_118' title='bbox 526 1473 552 1526; x_wconf 93' lang='lat' dir='ltr'><strong>id</strong></span> <span class='ocrx_word' id='word_1_119' title='bbox 577 1486 661 1541; x_wconf 75' lang='lat' dir='ltr'><strong>genus</strong></span> <span class='ocrx_word' id='word_1_120' title='bbox 680 1483 811 1549; x_wconf 75' lang='lat' dir='ltr'><strong>smagrncs</strong></span> <span class='ocrx_word' id='word_1_121' title='bbox 833 1469 867 1524; x_wconf 90' lang='lat' dir='ltr'><strong>ab</strong></span> <span class='ocrx_word' id='word_1_122' title='bbox 883 1482 927 1522; x_wconf 87' lang='lat' dir='ltr'><strong>ar-</strong></span> 
     </span>
     <span class='ocr_line' id='line_1_20' title="bbox 149 1539 928 1614; baseline -0.017 -11"><span class='ocrx_word' id='word_1_123' title='bbox 149 1544 325 1614; x_wconf 85' lang='lat' dir='ltr'><strong>chiepiscopis</strong></span> <span class='ocrx_word' id='word_1_124' title='bbox 343 1542 588 1598; x_wconf 78' lang='lat' dir='ltr'><strong>ravennatensium</strong></span> <span class='ocrx_word' id='word_1_125' title='bbox 602 1542 749 1595; x_wconf 84' lang='lat' dir='ltr'><strong>ordinatas.</strong></span> <span class='ocrx_word' id='word_1_126' title='bbox 763 1539 812 1603; x_wconf 76' lang='lat' dir='ltr'><strong>Qut</strong></span> <span class='ocrx_word' id='word_1_127' title='bbox 839 1547 928 1602; x_wconf 81' lang='lat' dir='ltr'><strong>auteur</strong></span> 
     </span>
     <span class='ocr_line' id='line_1_21' title="bbox 150 1607 930 1678; baseline -0.019 -5"><span class='ocrx_word' id='word_1_128' title='bbox 150 1616 271 1673; x_wconf 78' lang='lat' dir='ltr'><strong>virentes</strong></span> <span class='ocrx_word' id='word_1_129' title='bbox 289 1612 518 1678; x_wconf 63' lang='lat' dir='ltr'><strong>demembratur,</strong></span> <span class='ocrx_word' id='word_1_130' title='bbox 538 1611 571 1663; x_wconf 90' lang='lat' dir='ltr'><strong>ad</strong></span> <span class='ocrx_word' id='word_1_131' title='bbox 591 1610 675 1664; x_wconf 90' lang='lat' dir='ltr'><strong>instar</strong></span> <span class='ocrx_word' id='word_1_132' title='bbox 699 1609 799 1662; x_wconf 84' lang='lat' dir='ltr'><strong>esuritis</strong></span> <span class='ocrx_word' id='word_1_133' title='bbox 826 1607 930 1677; x_wconf 80' lang='lat' dir='ltr'><strong>ligurari</strong></span> 
     </span>
     <span class='ocr_line' id='line_1_22' title="bbox 151 1683 511 1742; baseline -0.019 0"><span class='ocrx_word' id='word_1_134' title='bbox 151 1692 355 1742; x_wconf 80' lang='lat' dir='ltr'><strong>consueverunt.</strong></span> <span class='ocrx_word' id='word_1_135' title='bbox 373 1683 511 1736; x_wconf 77' lang='lat' dir='ltr'><strong>Bructerus.</strong></span> 
     </span>
    </p>

    <p class='ocr_par' dir='ltr' id='par_1_10' title="bbox 152 1746 938 2034">
     <span class='ocr_line' id='line_1_23' title="bbox 188 1746 932 1821; baseline -0.011 -14"><span class='ocrx_word' id='word_1_136' title='bbox 188 1752 203 1792; x_wconf 68' lang='lat' dir='ltr'><strong>b</strong></span> <span class='ocrx_word' id='word_1_137' title='bbox 218 1752 304 1821; x_wconf 80' lang='lat' dir='ltr'><strong>llrrjas</strong></span> <span class='ocrx_word' id='word_1_138' title='bbox 316 1751 468 1820; x_wconf 79' lang='lat' dir='ltr'><strong>temporibus</strong></span> <span class='ocrx_word' id='word_1_139' title='bbox 483 1749 616 1817; x_wconf 85' lang='lat' dir='ltr'><strong>Aripertus</strong></span> <span class='ocrx_word' id='word_1_140' title='bbox 638 1747 693 1803; x_wconf 82' lang='lat' dir='ltr'><strong>lica</strong></span> <span class='ocrx_word' id='word_1_141' title='bbox 708 1746 932 1816; x_wconf 66' lang='lat' dir='ltr'><strong>Langobardorum</strong></span> 
     </span>
     <span class='ocr_line' id='line_1_24' title="bbox 152 1815 932 1888; baseline -0.014 -9"><span class='ocrx_word' id='word_1_142' title='bbox 152 1823 313 1879; x_wconf 86' lang='lat' dir='ltr'><strong>donationem</strong></span> <span class='ocrx_word' id='word_1_143' title='bbox 327 1819 474 1888; x_wconf 80' lang='lat' dir='ltr'><strong>patrimonii</strong></span> <span class='ocrx_word' id='word_1_144' title='bbox 489 1819 593 1886; x_wconf 79' lang='lat' dir='ltr'><strong>Alpium</strong></span> <span class='ocrx_word' id='word_1_145' title='bbox 617 1817 767 1876; x_wconf 78' lang='lat' dir='ltr'><strong>Cestianum,</strong></span> <span class='ocrx_word' id='word_1_146' title='bbox 782 1832 840 1886; x_wconf 83' lang='lat' dir='ltr'><strong>quse</strong></span> <span class='ocrx_word' id='word_1_147' title='bbox 855 1815 932 1885; x_wconf 78' lang='lat' dir='ltr'><strong>leupo</strong></span> 
     </span>
     <span class='ocr_line' id='line_1_25' title="bbox 152 1886 932 1961; baseline -0.013 -15"><span class='ocrx_word' id='word_1_148' title='bbox 152 1907 199 1960; x_wconf 83' lang='lat' dir='ltr'><strong>per</strong></span> <span class='ocrx_word' id='word_1_149' title='bbox 208 1903 342 1959; x_wconf 85' lang='lat' dir='ltr'><strong>ternporaa</strong></span> <span class='ocrx_word' id='word_1_150' title='bbox 351 1893 411 1961; x_wconf 80' lang='lat' dir='ltr'><strong>jare</strong></span> <span class='ocrx_word' id='word_1_151' title='bbox 421 1889 540 1942; x_wconf 81' lang='lat' dir='ltr'><strong>Ecclesiae</strong></span> <span class='ocrx_word' id='word_1_152' title='bbox 551 1888 752 1955; x_wconf 65' lang='lat' dir='ltr'><strong>peraccesserat,</strong></span> <span class='ocrx_word' id='word_1_153' title='bbox 763 1902 792 1937; x_wconf 89' lang='lat' dir='ltr'><strong>ac</strong></span> <span class='ocrx_word' id='word_1_154' title='bbox 804 1886 834 1938; x_wconf 87' lang='lat' dir='ltr'><strong>alr</strong></span> <span class='ocrx_word' id='word_1_155' title='bbox 846 1886 932 1938; x_wconf 87' lang='lat' dir='ltr'><strong>eadem</strong></span> 
     </span>
     <span class='ocr_line' id='line_1_26' title="bbox 154 1956 938 2034; baseline -0.022 -16"><span class='ocrx_word' id='word_1_156' title='bbox 154 1971 227 2034; x_wconf 76' lang='lat' dir='ltr'><strong>pente</strong></span> <span class='ocrx_word' id='word_1_157' title='bbox 237 1961 421 2022; x_wconf 85' lang='lat' dir='ltr'><strong>destruebatur,</strong></span> <span class='ocrx_word' id='word_1_158' title='bbox 438 1959 466 2012; x_wconf 86' lang='lat' dir='ltr'><strong>ist</strong></span> <span class='ocrx_word' id='word_1_159' title='bbox 485 1959 555 2012; x_wconf 88' lang='lat' dir='ltr'><strong>libris</strong></span> <span class='ocrx_word' id='word_1_160' title='bbox 567 1959 650 2009; x_wconf 68' lang='lat' dir='ltr'><strong>aurem</strong></span> <span class='ocrx_word' id='word_1_161' title='bbox 664 1965 795 2008; x_wconf 77' lang='lat' dir='ltr'><strong>exaratam</strong></span> <span class='ocrx_word' id='word_1_162' title='bbox 803 1956 863 2023; x_wconf 79' lang='lat' dir='ltr'><strong>jure</strong></span> <span class='ocrx_word' id='word_1_163' title='bbox 874 1970 938 2023; x_wconf 26' lang='lat' dir='ltr'><strong>pra-f</strong></span> 
     </span>
    </p>

    <p class='ocr_par' dir='ltr' id='par_1_11' title="bbox 83 2023 939 2712">
     <span class='ocr_line' id='line_1_27' title="bbox 173 2023 932 2095; baseline -0.011 -11"><span class='ocrx_word' id='word_1_164' title='bbox 173 2031 212 2084; x_wconf 91' lang='lat' dir='ltr'><strong>rlo</strong></span> <span class='ocrx_word' id='word_1_165' title='bbox 234 2029 297 2083; x_wconf 87' lang='lat' dir='ltr'><strong>beati</strong></span> <span class='ocrx_word' id='word_1_166' title='bbox 324 2029 497 2095; x_wconf 89' lang='lat' dir='ltr'><strong>apostolorum</strong></span> <span class='ocrx_word' id='word_1_167' title='bbox 525 2025 646 2094; x_wconf 88' lang='lat' dir='ltr'><strong>principis</strong></span> <span class='ocrx_word' id='word_1_168' title='bbox 675 2023 748 2076; x_wconf 88' lang='lat' dir='ltr'><strong>Petri</strong></span> <span class='ocrx_word' id='word_1_169' title='bbox 776 2024 932 2089; x_wconf 71' lang='lat' dir='ltr'><strong>reformauit.</strong></span> 
     </span>
     <span class='ocr_line' id='line_1_28' title="bbox 154 2049 933 2164; baseline -0.013 -9"><span class='ocrx_word' id='word_1_170' title='bbox 154 2049 270 2155; x_wconf 64' lang='lat' dir='ltr'><strong>Arenaria</strong></span> <span class='ocrx_word' id='word_1_171' title='bbox 285 2099 356 2164; x_wconf 80' lang='lat' dir='ltr'><strong>reaia</strong></span> <span class='ocrx_word' id='word_1_172' title='bbox 371 2099 397 2152; x_wconf 93' lang='lat' dir='ltr'><strong>in</strong></span> <span class='ocrx_word' id='word_1_173' title='bbox 408 2096 553 2150; x_wconf 86' lang='lat' dir='ltr'><strong>Ecclesiam</strong></span> <span class='ocrx_word' id='word_1_174' title='bbox 568 2095 656 2148; x_wconf 89' lang='lat' dir='ltr'><strong>aureis</strong></span> <span class='ocrx_word' id='word_1_175' title='bbox 666 2093 867 2160; x_wconf 84' lang='lat' dir='ltr'><strong>litterisscripta</strong></span> <span class='ocrx_word' id='word_1_176' title='bbox 878 2106 933 2145; x_wconf 88' lang='lat' dir='ltr'><strong>mc·</strong></span> 
     </span>
     <span class='ocr_line' id='line_1_29' title="bbox 157 2160 936 2235; baseline -0.014 -11"><span class='ocrx_word' id='word_1_177' title='bbox 157 2178 288 2224; x_wconf 85' lang='lat' dir='ltr'><strong>moratur.</strong></span> <span class='ocrx_word' id='word_1_178' title='bbox 305 2167 453 2235; x_wconf 84' lang='lat' dir='ltr'><strong>Diplomaru</strong></span> <span class='ocrx_word' id='word_1_179' title='bbox 474 2167 661 2232; x_wconf 88' lang='lat' dir='ltr'><strong>irnperaterum</strong></span> <span class='ocrx_word' id='word_1_180' title='bbox 673 2177 752 2217; x_wconf 86' lang='lat' dir='ltr'><strong>aurea</strong></span> <span class='ocrx_word' id='word_1_181' title='bbox 773 2160 849 2215; x_wconf 85' lang='lat' dir='ltr'><strong>Bulla</strong></span> <span class='ocrx_word' id='word_1_182' title='bbox 864 2161 936 2215; x_wconf 88' lang='lat' dir='ltr'><strong>absi·</strong></span> 
     </span>
     <span class='ocr_line' id='line_1_30' title="bbox 156 2231 934 2305; baseline -0.013 -14"><span class='ocrx_word' id='word_1_183' title='bbox 156 2249 235 2305; x_wconf 69' lang='lat' dir='ltr'><strong>gnata</strong></span> <span class='ocrx_word' id='word_1_184' title='bbox 249 2236 329 2290; x_wconf 90' lang='lat' dir='ltr'><strong>tradit</strong></span> <span class='ocrx_word' id='word_1_185' title='bbox 344 2236 520 2304; x_wconf 69' lang='lat' dir='ltr'><strong>i&#39;acirymeres</strong></span> <span class='ocrx_word' id='word_1_186' title='bbox 543 2233 573 2287; x_wconf 89' lang='lat' dir='ltr'><strong>in</strong></span> <span class='ocrx_word' id='word_1_187' title='bbox 589 2233 749 2302; x_wconf 79' lang='lat' dir='ltr'><strong>Paireningn,</strong></span> <span class='ocrx_word' id='word_1_188' title='bbox 770 2231 817 2284; x_wconf 87' lang='lat' dir='ltr'><strong>lib.</strong></span> <span class='ocrx_word' id='word_1_189' title='bbox 833 2245 859 2296; x_wconf 84' lang='lat' dir='ltr'><strong>r,</strong></span> <span class='ocrx_word' id='word_1_190' title='bbox 875 2244 934 2296; x_wconf 80' lang='lat' dir='ltr'><strong>cap.</strong></span> 
     </span>
     <span class='ocr_line' id='line_1_31' title="bbox 83 2303 936 2378; baseline -0.009 -16"><span class='ocrx_word' id='word_1_191' title='bbox 83 2310 89 2316; x_wconf 78' lang='lat'>&#39;</span> <span class='ocrx_word' id='word_1_192' title='bbox 154 2307 191 2361; x_wconf 66' lang='lat'><strong>20</strong></span> <span class='ocrx_word' id='word_1_193' title='bbox 208 2324 214 2359; x_wconf 90' lang='lat'><strong>:</strong></span> <span class='ocrx_word' id='word_1_194' title='bbox 230 2317 256 2361; x_wconf 91' lang='lat'><strong>&#39;0</strong></span> <span class='ocrx_word' id='word_1_195' title='bbox 270 2306 387 2378; x_wconf 73' lang='grc' dir='ltr'>βασιλεὺς</span> <span class='ocrx_word' id='word_1_196' title='bbox 401 2305 492 2359; x_wconf 71' lang='lat' dir='ltr'><strong>abcisa</strong></span> <span class='ocrx_word' id='word_1_197' title='bbox 506 2309 674 2378; x_wconf 71' lang='grc' dir='ltr'>προστάται,</span> <span class='ocrx_word' id='word_1_198' title='bbox 692 2306 733 2355; x_wconf 79' lang='grc' dir='ltr'><strong>καὶ</strong></span> <span class='ocrx_word' id='word_1_199' title='bbox 747 2303 819 2370; x_wconf 75' lang='grc' dir='ltr'><strong>λόγος</strong></span> <span class='ocrx_word' id='word_1_200' title='bbox 842 2303 936 2356; x_wconf 73' lang='lat' dir='ltr'><strong>iuriis·</strong></span> 
     </span>
     <span class='ocr_line' id='line_1_32' title="bbox 155 2370 937 2450; baseline -0.017 -17"><span class='ocrx_word' id='word_1_201' title='bbox 155 2399 198 2433; x_wconf 82' lang='lat' dir='ltr'><strong>sut</strong></span> <span class='ocrx_word' id='word_1_202' title='bbox 211 2377 436 2450; x_wconf 63' lang='lat' dir='ltr'><strong>xpueaiabiisma.</strong></span> <span class='ocrx_word' id='word_1_203' title='bbox 455 2373 534 2426; x_wconf 81' lang='lat' dir='ltr'><strong>larsa</strong></span> <span class='ocrx_word' id='word_1_204' title='bbox 548 2370 703 2441; x_wconf 86' lang='lat' dir='ltr'><strong>imperatoris</strong></span> <span class='ocrx_word' id='word_1_205' title='bbox 725 2371 868 2438; x_wconf 76' lang='lat' dir='ltr'><strong>enulpatam</strong></span> <span class='ocrx_word' id='word_1_206' title='bbox 882 2379 937 2423; x_wconf 88' lang='lat' dir='ltr'><strong>sta-</strong></span> 
     </span>
     <span class='ocr_line' id='line_1_33' title="bbox 156 2440 938 2514; baseline -0.009 -15"><span class='ocrx_word' id='word_1_207' title='bbox 156 2447 202 2498; x_wconf 90' lang='lat' dir='ltr'><strong>tim</strong></span> <span class='ocrx_word' id='word_1_208' title='bbox 218 2449 386 2514; x_wconf 79' lang='lat' dir='ltr'><strong>diptamnum,</strong></span> <span class='ocrx_word' id='word_1_209' title='bbox 398 2460 475 2496; x_wconf 90' lang='lat' dir='ltr'><strong>aurea</strong></span> <span class='ocrx_word' id='word_1_210' title='bbox 490 2441 697 2495; x_wconf 87' lang='lat' dir='ltr'><strong>munitnntbulla.</strong></span> <span class='ocrx_word' id='word_1_211' title='bbox 711 2440 781 2492; x_wconf 88' lang='lat' dir='ltr'><strong>idern</strong></span> <span class='ocrx_word' id='word_1_212' title='bbox 794 2440 818 2491; x_wconf 92' lang='lat' dir='ltr'><strong>in</strong></span> <span class='ocrx_word' id='word_1_213' title='bbox 833 2441 938 2492; x_wconf 75' lang='lat' dir='ltr'><strong>Antino-</strong></span> 
     </span>
     <span class='ocr_line' id='line_1_34' title="bbox 157 2509 939 2585; baseline -0.01 -15"><span class='ocrx_word' id='word_1_214' title='bbox 157 2515 223 2580; x_wconf 63' lang='lat' dir='ltr'><strong>nic„</strong></span> <span class='ocrx_word' id='word_1_215' title='bbox 238 2518 284 2570; x_wconf 88' lang='lat' dir='ltr'><strong>lib.</strong></span> <span class='ocrx_word' id='word_1_216' title='bbox 306 2530 325 2576; x_wconf 91' lang='lat' dir='ltr'><strong>t,</strong></span> <span class='ocrx_word' id='word_1_217' title='bbox 341 2525 399 2583; x_wconf 79' lang='lat' dir='ltr'><strong>cap.</strong></span> <span class='ocrx_word' id='word_1_218' title='bbox 414 2515 431 2567; x_wconf 72' lang='lat' dir='ltr'><strong>i</strong></span> <span class='ocrx_word' id='word_1_219' title='bbox 447 2515 494 2567; x_wconf 79' lang='lat' dir='ltr'><strong>:di</strong></span> <span class='ocrx_word' id='word_1_220' title='bbox 507 2514 558 2585; x_wconf 77' lang='lat' dir='ltr'><strong>peip</strong></span> <span class='ocrx_word' id='word_1_221' title='bbox 572 2511 615 2565; x_wconf 83' lang='grc' dir='ltr'><strong>διὰ</strong></span> <span class='ocrx_word' id='word_1_222' title='bbox 630 2510 849 2582; x_wconf 70' lang='grc' dir='ltr'>χρυσιιῖιυλλεὶωι</span> <span class='ocrx_word' id='word_1_223' title='bbox 860 2509 939 2580; x_wconf 76' lang='grc' dir='ltr'><strong>λόγων</strong></span> 
     </span>
     <span class='ocr_line' id='line_1_35' title="bbox 144 2578 939 2651; baseline -0.004 -16"><span class='ocrx_word' id='word_1_224' title='bbox 144 2588 269 2646; x_wconf 56' lang='grc' dir='ltr'>πίστις.</span> <span class='ocrx_word' id='word_1_225' title='bbox 294 2583 365 2637; x_wconf 89' lang='lat' dir='ltr'><strong>Nam</strong></span> <span class='ocrx_word' id='word_1_226' title='bbox 391 2583 453 2651; x_wconf 78' lang='lat' dir='ltr'><strong>fidas</strong></span> <span class='ocrx_word' id='word_1_227' title='bbox 476 2581 536 2635; x_wconf 90' lang='lat' dir='ltr'><strong>datu</strong></span> <span class='ocrx_word' id='word_1_228' title='bbox 561 2581 743 2648; x_wconf 74' lang='lat' dir='ltr'><strong>diplomatibus</strong></span> <span class='ocrx_word' id='word_1_229' title='bbox 768 2593 847 2631; x_wconf 87' lang='lat' dir='ltr'><strong>aurea</strong></span> <span class='ocrx_word' id='word_1_230' title='bbox 869 2578 939 2633; x_wconf 89' lang='lat' dir='ltr'><strong>bulla</strong></span> 
     </span>
     <span class='ocr_line' id='line_1_36' title="bbox 157 2652 454 2712; baseline -0.013 -5"><span class='ocrx_word' id='word_1_231' title='bbox 157 2654 272 2708; x_wconf 87' lang='lat' dir='ltr'><strong>munitis.</strong></span> <span class='ocrx_word' id='word_1_232' title='bbox 285 2652 454 2712; x_wconf 81' lang='lat' dir='ltr'><strong>Aarssenns.</strong></span> 
     </span>
    </p>

    <p class='ocr_par' dir='ltr' id='par_1_12' title="bbox 158 2716 945 4181">
     <span class='ocr_line' id='line_1_37' title="bbox 193 2716 940 2792; baseline -0.007 -17"><span class='ocrx_word' id='word_1_233' title='bbox 193 2721 281 2792; x_wconf 78' lang='lat' dir='ltr'><strong>liujus</strong></span> <span class='ocrx_word' id='word_1_234' title='bbox 295 2723 445 2790; x_wconf 72' lang='lat' dir='ltr'><strong>temporibus</strong></span> <span class='ocrx_word' id='word_1_235' title='bbox 461 2720 592 2789; x_wconf 83' lang='lat' dir='ltr'><strong>Aripertus</strong></span> <span class='ocrx_word' id='word_1_236' title='bbox 604 2734 649 2771; x_wconf 82' lang='lat' dir='ltr'><strong>rea</strong></span> <span class='ocrx_word' id='word_1_237' title='bbox 661 2716 883 2787; x_wconf 78' lang='lat' dir='ltr'><strong>Lorrpoirordorunt</strong></span> <span class='ocrx_word' id='word_1_238' title='bbox 894 2718 940 2771; x_wconf 52' lang='lat' dir='ltr'><strong>dos</strong></span> 
     </span>
     <span class='ocr_line' id='line_1_38' title="bbox 159 2788 941 2858; baseline -0.004 -13"><span class='ocrx_word' id='word_1_239' title='bbox 159 2793 284 2846; x_wconf 80' lang='lat' dir='ltr'><strong>nationem</strong></span> <span class='ocrx_word' id='word_1_240' title='bbox 299 2791 443 2858; x_wconf 87' lang='lat' dir='ltr'><strong>patrimonii</strong></span> <span class='ocrx_word' id='word_1_241' title='bbox 459 2791 559 2856; x_wconf 88' lang='lat' dir='ltr'><strong>Alpium</strong></span> <span class='ocrx_word' id='word_1_242' title='bbox 572 2789 724 2851; x_wconf 80' lang='lat' dir='ltr'><strong>Gratiarum,</strong></span> <span class='ocrx_word' id='word_1_243' title='bbox 739 2804 795 2857; x_wconf 72' lang='grc' dir='ltr'>(ιιι</span> <span class='ocrx_word' id='word_1_244' title='bbox 806 2788 881 2856; x_wconf 80' lang='lat' dir='ltr'><strong>leupo</strong></span> <span class='ocrx_word' id='word_1_245' title='bbox 896 2804 941 2854; x_wconf 81' lang='lat' dir='ltr'><strong>per</strong></span> 
     </span>
     <span class='ocr_line' id='line_1_39' title="bbox 159 2857 939 2935; baseline -0.006 -20"><span class='ocrx_word' id='word_1_246' title='bbox 159 2869 273 2930; x_wconf 87' lang='lat' dir='ltr'><strong>ternpore</strong></span> <span class='ocrx_word' id='word_1_247' title='bbox 285 2877 300 2911; x_wconf 91' lang='lat' dir='ltr'><strong>a</strong></span> <span class='ocrx_word' id='word_1_248' title='bbox 309 2861 369 2935; x_wconf 76' lang='lat' dir='ltr'><strong>jure</strong></span> <span class='ocrx_word' id='word_1_249' title='bbox 385 2858 505 2916; x_wconf 81' lang='lat' dir='ltr'><strong>Ecclesiae</strong></span> <span class='ocrx_word' id='word_1_250' title='bbox 528 2861 628 2926; x_wconf 87' lang='lat' dir='ltr'><strong>priruta</strong></span> <span class='ocrx_word' id='word_1_251' title='bbox 639 2858 732 2928; x_wconf 71' lang='lat' dir='ltr'><strong>suerrus,</strong></span> <span class='ocrx_word' id='word_1_252' title='bbox 754 2873 784 2909; x_wconf 89' lang='lat' dir='ltr'><strong>ac</strong></span> <span class='ocrx_word' id='word_1_253' title='bbox 798 2857 829 2909; x_wconf 90' lang='lat' dir='ltr'><strong>ab</strong></span> <span class='ocrx_word' id='word_1_254' title='bbox 854 2860 939 2911; x_wconf 86' lang='lat' dir='ltr'><strong>eadem</strong></span> 
     </span>
     <span class='ocr_line' id='line_1_40' title="bbox 159 2928 942 3001; baseline -0.006 -17"><span class='ocrx_word' id='word_1_255' title='bbox 159 2941 232 3001; x_wconf 77' lang='lat' dir='ltr'><strong>pente</strong></span> <span class='ocrx_word' id='word_1_256' title='bbox 245 2930 403 2989; x_wconf 79' lang='lat' dir='ltr'><strong>detinebatur</strong></span> <span class='ocrx_word' id='word_1_257' title='bbox 417 2972 424 2997; x_wconf 94' lang='lat'><strong>,</strong></span> <span class='ocrx_word' id='word_1_258' title='bbox 440 2931 467 2983; x_wconf 91' lang='lat' dir='ltr'><strong>irt</strong></span> <span class='ocrx_word' id='word_1_259' title='bbox 481 2932 519 2984; x_wconf 73' lang='lat' dir='ltr'><strong>tin</strong></span> <span class='ocrx_word' id='word_1_260' title='bbox 535 2930 570 2982; x_wconf 88' lang='lat' dir='ltr'><strong>ris</strong></span> <span class='ocrx_word' id='word_1_261' title='bbox 582 2930 665 2981; x_wconf 81' lang='lat' dir='ltr'><strong>uitreis</strong></span> <span class='ocrx_word' id='word_1_262' title='bbox 677 2937 803 2986; x_wconf 79' lang='lat' dir='ltr'><strong>carratam</strong></span> <span class='ocrx_word' id='word_1_263' title='bbox 814 2928 872 2991; x_wconf 78' lang='lat' dir='ltr'><strong>jure</strong></span> <span class='ocrx_word' id='word_1_264' title='bbox 882 2944 942 2994; x_wconf 90' lang='lat' dir='ltr'><strong>pro·</strong></span> 
     </span>
     <span class='ocr_line' id='line_1_41' title="bbox 159 2996 943 3070; baseline -0.003 -17"><span class='ocrx_word' id='word_1_265' title='bbox 159 3000 216 3068; x_wconf 86' lang='lat' dir='ltr'><strong>prio</strong></span> <span class='ocrx_word' id='word_1_266' title='bbox 228 3000 293 3053; x_wconf 87' lang='lat' dir='ltr'><strong>beati</strong></span> <span class='ocrx_word' id='word_1_267' title='bbox 305 3001 480 3070; x_wconf 90' lang='lat' dir='ltr'><strong>apostolerum</strong></span> <span class='ocrx_word' id='word_1_268' title='bbox 496 3000 614 3068; x_wconf 74' lang='lat' dir='ltr'><strong>principis</strong></span> <span class='ocrx_word' id='word_1_269' title='bbox 624 2996 692 3050; x_wconf 82' lang='lat' dir='ltr'><strong>Petri</strong></span> <span class='ocrx_word' id='word_1_270' title='bbox 704 2998 857 3066; x_wconf 65' lang='lat' dir='ltr'><strong>reformarit.</strong></span> <span class='ocrx_word' id='word_1_271' title='bbox 867 2996 943 3051; x_wconf 86' lang='lat' dir='ltr'><strong>lintre</strong></span> 
     </span>
     <span class='ocr_line' id='line_1_42' title="bbox 160 3065 941 3134; baseline -0.006 -12"><span class='ocrx_word' id='word_1_272' title='bbox 160 3069 247 3124; x_wconf 89' lang='lat' dir='ltr'><strong>locum</strong></span> <span class='ocrx_word' id='word_1_273' title='bbox 261 3070 377 3122; x_wconf 90' lang='lat' dir='ltr'><strong>auctoris</strong></span> <span class='ocrx_word' id='word_1_274' title='bbox 388 3069 445 3122; x_wconf 86' lang='lat' dir='ltr'><strong>liirri</strong></span> <span class='ocrx_word' id='word_1_275' title='bbox 460 3068 683 3133; x_wconf 86' lang='lat' dir='ltr'><strong>Porrtiiicaiis,seu</strong></span> <span class='ocrx_word' id='word_1_276' title='bbox 694 3066 779 3134; x_wconf 89' lang='lat' dir='ltr'><strong>potius</strong></span> <span class='ocrx_word' id='word_1_277' title='bbox 793 3066 866 3119; x_wconf 79' lang='lat' dir='ltr'><strong>Parrli</strong></span> <span class='ocrx_word' id='word_1_278' title='bbox 878 3065 941 3127; x_wconf 79' lang='lat' dir='ltr'><strong>ilia·</strong></span> 
     </span>
     <span class='ocr_line' id='line_1_43' title="bbox 160 3136 939 3206; baseline -0.006 -13"><span class='ocrx_word' id='word_1_279' title='bbox 160 3141 232 3206; x_wconf 89' lang='lat' dir='ltr'><strong>eoni,</strong></span> <span class='ocrx_word' id='word_1_280' title='bbox 245 3153 278 3195; x_wconf 83' lang='lat' dir='ltr'><strong>es</strong></span> <span class='ocrx_word' id='word_1_281' title='bbox 293 3153 346 3205; x_wconf 81' lang='lat' dir='ltr'><strong>nnn</strong></span> <span class='ocrx_word' id='word_1_282' title='bbox 357 3140 382 3192; x_wconf 95' lang='lat' dir='ltr'><strong>in</strong></span> <span class='ocrx_word' id='word_1_283' title='bbox 407 3138 501 3192; x_wconf 90' lang='lat' dir='ltr'><strong>librum</strong></span> <span class='ocrx_word' id='word_1_284' title='bbox 518 3137 698 3192; x_wconf 79' lang='lat' dir='ltr'><strong>Pantilicaieur</strong></span> <span class='ocrx_word' id='word_1_285' title='bbox 724 3136 801 3189; x_wconf 87' lang='lat' dir='ltr'><strong>l&#39;aciie</strong></span> <span class='ocrx_word' id='word_1_286' title='bbox 817 3136 939 3190; x_wconf 88' lang='lat' dir='ltr'><strong>transcri-</strong></span> 
     </span>
     <span class='ocr_line' id='line_1_44' title="bbox 163 3205 941 3276; baseline 0 -15"><span class='ocrx_word' id='word_1_287' title='bbox 163 3209 216 3276; x_wconf 85' lang='lat' dir='ltr'><strong>psit</strong></span> <span class='ocrx_word' id='word_1_288' title='bbox 228 3210 382 3265; x_wconf 68' lang='lat' dir='ltr'><strong>Anastasius</strong></span> <span class='ocrx_word' id='word_1_289' title='bbox 397 3247 406 3274; x_wconf 94' lang='lat'><strong>,</strong></span> <span class='ocrx_word' id='word_1_290' title='bbox 419 3219 464 3262; x_wconf 92' lang='lat' dir='ltr'><strong>aut</strong></span> <span class='ocrx_word' id='word_1_291' title='bbox 474 3208 495 3262; x_wconf 87' lang='lat' dir='ltr'><strong>si</strong></span> <span class='ocrx_word' id='word_1_292' title='bbox 509 3209 552 3276; x_wconf 83' lang='lat' dir='ltr'><strong>nui</strong></span> <span class='ocrx_word' id='word_1_293' title='bbox 564 3207 629 3260; x_wconf 89' lang='lat' dir='ltr'><strong>alias</strong></span> <span class='ocrx_word' id='word_1_294' title='bbox 642 3205 759 3274; x_wconf 85' lang='lat' dir='ltr'><strong>rjrrsdeut</strong></span> <span class='ocrx_word' id='word_1_295' title='bbox 774 3213 884 3265; x_wconf 87' lang='lat' dir='ltr'><strong>auctor,</strong></span> <span class='ocrx_word' id='word_1_296' title='bbox 900 3206 941 3261; x_wconf 87' lang='lat' dir='ltr'><strong>rei</strong></span> 
     </span>
     <span class='ocr_line' id='line_1_45' title="bbox 161 3276 940 3346; baseline -0.004 -14"><span class='ocrx_word' id='word_1_297' title='bbox 161 3278 345 3346; x_wconf 89' lang='lat' dir='ltr'><strong>interpolator,</strong></span> <span class='ocrx_word' id='word_1_298' title='bbox 358 3278 460 3332; x_wconf 89' lang='lat' dir='ltr'><strong>illustre</strong></span> <span class='ocrx_word' id='word_1_299' title='bbox 470 3281 655 3331; x_wconf 87' lang='lat' dir='ltr'><strong>documentum</strong></span> <span class='ocrx_word' id='word_1_300' title='bbox 668 3284 858 3343; x_wconf 70' lang='lat' dir='ltr'><strong>representare</strong></span> <span class='ocrx_word' id='word_1_301' title='bbox 871 3276 940 3329; x_wconf 89' lang='lat' dir='ltr'><strong>anti·</strong></span> 
     </span>
     <span class='ocr_line' id='line_1_46' title="bbox 163 3341 942 3417; baseline -0.005 -15"><span class='ocrx_word' id='word_1_302' title='bbox 163 3347 299 3417; x_wconf 68' lang='lat' dir='ltr'><strong>sanissimae</strong></span> <span class='ocrx_word' id='word_1_303' title='bbox 314 3347 490 3417; x_wconf 81' lang='lat' dir='ltr'><strong>possessionis</strong></span> <span class='ocrx_word' id='word_1_304' title='bbox 501 3346 609 3405; x_wconf 89' lang='lat' dir='ltr'><strong>ditionis</strong></span> <span class='ocrx_word' id='word_1_305' title='bbox 619 3344 771 3413; x_wconf 85' lang='lat' dir='ltr'><strong>temporalis</strong></span> <span class='ocrx_word' id='word_1_306' title='bbox 785 3341 942 3400; x_wconf 80' lang='lat' dir='ltr'><strong>infusorem</strong></span> 
     </span>
     <span class='ocr_line' id='line_1_47' title="bbox 161 3412 943 3485; baseline -0.004 -14"><span class='ocrx_word' id='word_1_307' title='bbox 161 3427 261 3473; x_wconf 73' lang='lat' dir='ltr'><strong>muetae</strong></span> <span class='ocrx_word' id='word_1_308' title='bbox 276 3417 402 3473; x_wconf 81' lang='lat' dir='ltr'><strong>Romanae</strong></span> <span class='ocrx_word' id='word_1_309' title='bbox 413 3417 495 3482; x_wconf 88' lang='lat' dir='ltr'><strong>sedis,</strong></span> <span class='ocrx_word' id='word_1_310' title='bbox 520 3416 563 3485; x_wconf 86' lang='lat' dir='ltr'><strong>qui</strong></span> <span class='ocrx_word' id='word_1_311' title='bbox 579 3431 630 3470; x_wconf 92' lang='lat' dir='ltr'><strong>non</strong></span> <span class='ocrx_word' id='word_1_312' title='bbox 644 3412 726 3468; x_wconf 84' lang='lat' dir='ltr'><strong>siritii</strong></span> <span class='ocrx_word' id='word_1_313' title='bbox 741 3414 799 3483; x_wconf 90' lang='lat' dir='ltr'><strong>pins</strong></span> <span class='ocrx_word' id='word_1_314' title='bbox 813 3429 890 3479; x_wconf 78' lang='lat' dir='ltr'><strong>anuo</strong></span> <span class='ocrx_word' id='word_1_315' title='bbox 903 3417 943 3468; x_wconf 92' lang='lat' dir='ltr'><strong>in-</strong></span> 
     </span>
     <span class='ocr_line' id='line_1_48' title="bbox 160 3483 942 3555; baseline -0.001 -15"><span class='ocrx_word' id='word_1_316' title='bbox 160 3485 270 3552; x_wconf 88' lang='lat' dir='ltr'><strong>iensus,</strong></span> <span class='ocrx_word' id='word_1_317' title='bbox 285 3502 388 3542; x_wconf 88' lang='lat' dir='ltr'><strong>mecum</strong></span> <span class='ocrx_word' id='word_1_318' title='bbox 399 3501 542 3555; x_wconf 78' lang='lat' dir='ltr'><strong>agnoscere</strong></span> <span class='ocrx_word' id='word_1_319' title='bbox 556 3484 625 3539; x_wconf 91' lang='lat' dir='ltr'><strong>lraud</strong></span> <span class='ocrx_word' id='word_1_320' title='bbox 639 3484 801 3553; x_wconf 76' lang='lat' dir='ltr'><strong>gravabitur.</strong></span> <span class='ocrx_word' id='word_1_321' title='bbox 821 3483 884 3539; x_wconf 78' lang='lat' dir='ltr'><strong>liae</strong></span> <span class='ocrx_word' id='word_1_322' title='bbox 895 3486 942 3539; x_wconf 86' lang='lat' dir='ltr'><strong>Ai-</strong></span> 
     </span>
     <span class='ocr_line' id='line_1_49' title="bbox 163 3553 943 3622; baseline 0 -13"><span class='ocrx_word' id='word_1_323' title='bbox 163 3554 237 3622; x_wconf 84' lang='lat' dir='ltr'><strong>ptum</strong></span> <span class='ocrx_word' id='word_1_324' title='bbox 247 3556 392 3611; x_wconf 81' lang='lat' dir='ltr'><strong>Cuttiarnnt</strong></span> <span class='ocrx_word' id='word_1_325' title='bbox 406 3557 588 3618; x_wconf 85' lang='lat' dir='ltr'><strong>sirsdouatio,</strong></span> <span class='ocrx_word' id='word_1_326' title='bbox 597 3557 652 3608; x_wconf 86' lang='lat' dir='ltr'><strong>sire</strong></span> <span class='ocrx_word' id='word_1_327' title='bbox 665 3553 805 3618; x_wconf 87' lang='lat' dir='ltr'><strong>restitutio,</strong></span> <span class='ocrx_word' id='word_1_328' title='bbox 821 3565 943 3609; x_wconf 86' lang='lat' dir='ltr'><strong>narratur</strong></span> 
     </span>
     <span class='ocr_line' id='line_1_50' title="bbox 160 3621 941 3695; baseline 0 -18"><span class='ocrx_word' id='word_1_329' title='bbox 160 3627 228 3679; x_wconf 84' lang='lat' dir='ltr'><strong>t&#39;sets</strong></span> <span class='ocrx_word' id='word_1_330' title='bbox 243 3640 313 3681; x_wconf 83' lang='lat' dir='ltr'><strong>snrro</strong></span> <span class='ocrx_word' id='word_1_331' title='bbox 326 3624 389 3689; x_wconf 80' lang='lat' dir='ltr'><strong>ius,</strong></span> <span class='ocrx_word' id='word_1_332' title='bbox 400 3627 449 3680; x_wconf 92' lang='lat' dir='ltr'><strong>sub</strong></span> <span class='ocrx_word' id='word_1_333' title='bbox 463 3624 732 3695; x_wconf 87' lang='lat' dir='ltr'><strong>pontilicatuioaunis</strong></span> <span class='ocrx_word' id='word_1_334' title='bbox 747 3621 805 3690; x_wconf 81' lang='lat' dir='ltr'><strong>ilii,</strong></span> <span class='ocrx_word' id='word_1_335' title='bbox 818 3636 870 3678; x_wconf 90' lang='lat' dir='ltr'><strong>non</strong></span> <span class='ocrx_word' id='word_1_336' title='bbox 883 3623 941 3677; x_wconf 92' lang='lat' dir='ltr'><strong>lon-</strong></span> 
     </span>
     <span class='ocr_line' id='line_1_51' title="bbox 158 3692 943 3764; baseline -0.003 -15"><span class='ocrx_word' id='word_1_337' title='bbox 158 3705 194 3764; x_wconf 65' lang='lat' dir='ltr'><strong>ge</strong></span> <span class='ocrx_word' id='word_1_338' title='bbox 204 3694 238 3750; x_wconf 84' lang='lat' dir='ltr'><strong>ab</strong></span> <span class='ocrx_word' id='word_1_339' title='bbox 248 3705 325 3752; x_wconf 83' lang='lat' dir='ltr'><strong>atate</strong></span> <span class='ocrx_word' id='word_1_340' title='bbox 340 3694 412 3752; x_wconf 89' lang='lat' dir='ltr'><strong>Pauli</strong></span> <span class='ocrx_word' id='word_1_341' title='bbox 425 3696 532 3751; x_wconf 77' lang='lat' dir='ltr'><strong>bircani</strong></span> <span class='ocrx_word' id='word_1_342' title='bbox 547 3709 603 3748; x_wconf 89' lang='lat' dir='ltr'><strong>rear</strong></span> <span class='ocrx_word' id='word_1_343' title='bbox 616 3694 757 3760; x_wconf 88' lang='lat' dir='ltr'><strong>narrantis,</strong></span> <span class='ocrx_word' id='word_1_344' title='bbox 773 3692 817 3761; x_wconf 83' lang='lat' dir='ltr'><strong>qui</strong></span> <span class='ocrx_word' id='word_1_345' title='bbox 832 3692 943 3747; x_wconf 81' lang='lat' dir='ltr'><strong>docebat</strong></span> 
     </span>
     <span class='ocr_line' id='line_1_52' title="bbox 159 3761 940 3834; baseline 0.003 -19"><span class='ocrx_word' id='word_1_346' title='bbox 159 3763 193 3816; x_wconf 86' lang='lat' dir='ltr'><strong>sd</strong></span> <span class='ocrx_word' id='word_1_347' title='bbox 213 3765 504 3834; x_wconf 77' lang='lat' dir='ltr'><strong>annum&#39;litl,nui1pm</strong></span> <span class='ocrx_word' id='word_1_348' title='bbox 525 3765 621 3818; x_wconf 91' lang='lat' dir='ltr'><strong>nedum</strong></span> <span class='ocrx_word' id='word_1_349' title='bbox 646 3764 740 3817; x_wconf 87' lang='lat' dir='ltr'><strong>litteris</strong></span> <span class='ocrx_word' id='word_1_350' title='bbox 760 3761 940 3831; x_wconf 77' lang='lat' dir='ltr'><strong>consignatam</strong></span> 
     </span>
     <span class='ocr_line' id='line_1_53' title="bbox 161 3832 941 3901; baseline 0.006 -19"><span class='ocrx_word' id='word_1_351' title='bbox 161 3832 347 3897; x_wconf 85' lang='lat' dir='ltr'><strong>aliirntat,sed</strong></span> <span class='ocrx_word' id='word_1_352' title='bbox 374 3834 581 3897; x_wconf 72' lang='lat' dir='ltr'><strong>titteriraurcis,</strong></span> <span class='ocrx_word' id='word_1_353' title='bbox 613 3848 671 3887; x_wconf 86' lang='lat' dir='ltr'><strong>nans</strong></span> <span class='ocrx_word' id='word_1_354' title='bbox 696 3832 752 3901; x_wconf 91' lang='lat' dir='ltr'><strong>ipse</strong></span> <span class='ocrx_word' id='word_1_355' title='bbox 781 3836 865 3900; x_wconf 82' lang='lat' dir='ltr'><strong>putuit</strong></span> <span class='ocrx_word' id='word_1_356' title='bbox 887 3835 941 3887; x_wconf 83' lang='lat' dir='ltr'><strong>stris</strong></span> 
     </span>
     <span class='ocr_line' id='line_1_54' title="bbox 160 3849 945 3972; baseline 0.005 -20"><span class='ocrx_word' id='word_1_357' title='bbox 160 3902 243 3954; x_wconf 84' lang='lat' dir='ltr'><strong>erulis</strong></span> <span class='ocrx_word' id='word_1_358' title='bbox 255 3918 391 3972; x_wconf 86' lang='lat' dir='ltr'><strong>usurpare.</strong></span> <span class='ocrx_word' id='word_1_359' title='bbox 400 3903 456 3956; x_wconf 81' lang='lat' dir='ltr'><strong>Non</strong></span> <span class='ocrx_word' id='word_1_360' title='bbox 468 3902 524 3955; x_wconf 81' lang='lat' dir='ltr'><strong>irae</strong></span> <span class='ocrx_word' id='word_1_361' title='bbox 537 3904 584 3954; x_wconf 89' lang='lat' dir='ltr'><strong>init</strong></span> <span class='ocrx_word' id='word_1_362' title='bbox 594 3849 702 3956; x_wconf 66' lang='lat' dir='ltr'><strong>Auratis</strong></span> <span class='ocrx_word' id='word_1_363' title='bbox 713 3916 806 3954; x_wconf 78' lang='lat' dir='ltr'><strong>massas</strong></span> <span class='ocrx_word' id='word_1_364' title='bbox 820 3901 945 3971; x_wconf 81' lang='lat' dir='ltr'><strong>aiicujus,</strong></span> 
     </span>
     <span class='ocr_line' id='line_1_55' title="bbox 161 3968 940 4039; baseline 0.004 -17"><span class='ocrx_word' id='word_1_365' title='bbox 161 3979 206 4022; x_wconf 88' lang='lat' dir='ltr'><strong>snt</strong></span> <span class='ocrx_word' id='word_1_366' title='bbox 219 3968 303 4039; x_wconf 85' lang='lat' dir='ltr'><strong>srtndi,</strong></span> <span class='ocrx_word' id='word_1_367' title='bbox 318 3983 364 4026; x_wconf 92' lang='lat' dir='ltr'><strong>aut</strong></span> <span class='ocrx_word' id='word_1_368' title='bbox 377 3974 455 4034; x_wconf 75' lang='lat' dir='ltr'><strong>inerti,</strong></span> <span class='ocrx_word' id='word_1_369' title='bbox 481 3982 525 4024; x_wconf 90' lang='lat' dir='ltr'><strong>aut</strong></span> <span class='ocrx_word' id='word_1_370' title='bbox 536 3971 637 4031; x_wconf 81' lang='lat' dir='ltr'><strong>oliveri,</strong></span> <span class='ocrx_word' id='word_1_371' title='bbox 659 3970 803 4038; x_wconf 77' lang='lat' dir='ltr'><strong>crrprsrnodi</strong></span> <span class='ocrx_word' id='word_1_372' title='bbox 827 3970 940 4025; x_wconf 87' lang='lat' dir='ltr'><strong>irriirritas</strong></span> 
     </span>
     <span class='ocr_line' id='line_1_56' title="bbox 163 4037 939 4107; baseline -0.001 -16"><span class='ocrx_word' id='word_1_373' title='bbox 163 4038 237 4093; x_wconf 86' lang='lat' dir='ltr'><strong>trabis</strong></span> <span class='ocrx_word' id='word_1_374' title='bbox 252 4042 377 4096; x_wconf 86' lang='lat' dir='ltr'><strong>eriribeut</strong></span> <span class='ocrx_word' id='word_1_375' title='bbox 388 4056 530 4102; x_wconf 87' lang='lat' dir='ltr'><strong>marmora,</strong></span> <span class='ocrx_word' id='word_1_376' title='bbox 544 4049 570 4093; x_wconf 85' lang='lat' dir='ltr'><strong>et</strong></span> <span class='ocrx_word' id='word_1_377' title='bbox 582 4039 648 4092; x_wconf 88' lang='lat' dir='ltr'><strong>tituli</strong></span> <span class='ocrx_word' id='word_1_378' title='bbox 661 4037 842 4102; x_wconf 84' lang='lat' dir='ltr'><strong>ecclesiarum,</strong></span> <span class='ocrx_word' id='word_1_379' title='bbox 854 4049 881 4091; x_wconf 94' lang='lat' dir='ltr'><strong>ut</strong></span> <span class='ocrx_word' id='word_1_380' title='bbox 892 4055 939 4107; x_wconf 89' lang='lat' dir='ltr'><strong>np-</strong></span> 
     </span>
     <span class='ocr_line' id='line_1_57' title="bbox 162 4105 940 4181; baseline 0.001 -20"><span class='ocrx_word' id='word_1_381' title='bbox 162 4109 226 4162; x_wconf 89' lang='lat' dir='ltr'><strong>tinre</strong></span> <span class='ocrx_word' id='word_1_382' title='bbox 239 4112 373 4166; x_wconf 79' lang='lat' dir='ltr'><strong>adnotavit</strong></span> <span class='ocrx_word' id='word_1_383' title='bbox 389 4111 415 4164; x_wconf 94' lang='lat' dir='ltr'><strong>in</strong></span> <span class='ocrx_word' id='word_1_384' title='bbox 430 4109 583 4181; x_wconf 77' lang='lat' dir='ltr'><strong>praelatione</strong></span> <span class='ocrx_word' id='word_1_385' title='bbox 597 4107 629 4161; x_wconf 90' lang='lat' dir='ltr'><strong>ad</strong></span> <span class='ocrx_word' id='word_1_386' title='bbox 643 4106 811 4161; x_wconf 85' lang='lat' dir='ltr'><strong>Arrastasiunr</strong></span> <span class='ocrx_word' id='word_1_387' title='bbox 825 4105 900 4176; x_wconf 81' lang='lat' dir='ltr'><strong>(Turn</strong></span> <span class='ocrx_word' id='word_1_388' title='bbox 913 4108 940 4173; x_wconf 89' lang='lat' dir='ltr'><strong>l,</strong></span> 
     </span>
    </p>
   </div>
   <div class='ocr_carea' id='block_1_9' title="bbox 63 4176 941 4252">
    <p class='ocr_par' dir='ltr' id='par_1_13' title="bbox 63 4176 941 4252">
     <span class='ocr_line' id='line_1_58' title="bbox 63 4176 941 4252; baseline 0.005 -23"><span class='ocrx_word' id='word_1_389' title='bbox 63 4222 66 4229; x_wconf 94' lang='grc'><em>,</em></span> <span class='ocrx_word' id='word_1_390' title='bbox 162 4194 233 4233; x_wconf 88' lang='lat' dir='ltr'><strong>nrrnr.</strong></span> <span class='ocrx_word' id='word_1_391' title='bbox 251 4180 282 4232; x_wconf 72' lang='lat' dir='ltr'><strong>ts</strong></span> <span class='ocrx_word' id='word_1_392' title='bbox 296 4192 318 4235; x_wconf 85' lang='lat' dir='ltr'><strong>et</strong></span> <span class='ocrx_word' id='word_1_393' title='bbox 329 4181 410 4252; x_wconf 70' lang='lat' dir='ltr'><strong>sequ.)</strong></span> <span class='ocrx_word' id='word_1_394' title='bbox 425 4177 616 4233; x_wconf 88' lang='lat' dir='ltr'><strong>illustrissimus</strong></span> <span class='ocrx_word' id='word_1_395' title='bbox 632 4176 737 4243; x_wconf 78' lang='lat' dir='ltr'><strong>praeut,</strong></span> <span class='ocrx_word' id='word_1_396' title='bbox 750 4183 775 4227; x_wconf 89' lang='lat' dir='ltr'><strong>et</strong></span> <span class='ocrx_word' id='word_1_397' title='bbox 790 4191 875 4231; x_wconf 85' lang='lat' dir='ltr'><strong>rernm</strong></span> <span class='ocrx_word' id='word_1_398' title='bbox 891 4193 941 4232; x_wconf 90' lang='lat' dir='ltr'><strong>ec·</strong></span> 
     </span>
    </p>
   </div>
   <div class='ocr_carea' id='block_1_10' title="bbox 81 4245 942 5787">
    <p class='ocr_par' dir='ltr' id='par_1_14' title="bbox 81 4245 939 4386">
     <span class='ocr_line' id='line_1_59' title="bbox 161 4245 939 4316; baseline 0.004 -17"><span class='ocrx_word' id='word_1_399' title='bbox 161 4248 368 4306; x_wconf 75' lang='lat' dir='ltr'><strong>clesrastiearurn</strong></span> <span class='ocrx_word' id='word_1_400' title='bbox 383 4249 585 4316; x_wconf 78' lang='lat' dir='ltr'><strong>expertissimus</strong></span> <span class='ocrx_word' id='word_1_401' title='bbox 598 4247 617 4301; x_wconf 82' lang='lat' dir='ltr'><strong>F</strong></span> <span class='ocrx_word' id='word_1_402' title='bbox 620 4246 753 4300; x_wconf 85' lang='lat' dir='ltr'><strong>ranciseus</strong></span> <span class='ocrx_word' id='word_1_403' title='bbox 768 4245 939 4313; x_wconf 80' lang='lat' dir='ltr'><strong>blanchinus,</strong></span> 
     </span>
     <span class='ocr_line' id='line_1_60' title="bbox 81 4317 939 4386; baseline 0.003 -18"><span class='ocrx_word' id='word_1_404' title='bbox 81 4364 83 4368; x_wconf 86' lang='lat'>.</span> <span class='ocrx_word' id='word_1_405' title='bbox 161 4317 238 4385; x_wconf 84' lang='lat' dir='ltr'><strong>cujus</strong></span> <span class='ocrx_word' id='word_1_406' title='bbox 249 4318 378 4386; x_wconf 81' lang='lat' dir='ltr'><strong>jacturam</strong></span> <span class='ocrx_word' id='word_1_407' title='bbox 395 4322 493 4374; x_wconf 76' lang='lat' dir='ltr'><strong>chartas</strong></span> <span class='ocrx_word' id='word_1_408' title='bbox 507 4318 558 4381; x_wconf 77' lang='lat' dir='ltr'><strong>ira,</strong></span> <span class='ocrx_word' id='word_1_409' title='bbox 573 4332 638 4386; x_wconf 78' lang='lat' dir='ltr'><strong>rpuas</strong></span> <span class='ocrx_word' id='word_1_410' title='bbox 652 4317 684 4370; x_wconf 89' lang='lat' dir='ltr'><strong>ad</strong></span> <span class='ocrx_word' id='word_1_411' title='bbox 697 4317 775 4368; x_wconf 87' lang='lat' dir='ltr'><strong>linem</strong></span> <span class='ocrx_word' id='word_1_412' title='bbox 791 4330 876 4386; x_wconf 82' lang='lat' dir='ltr'><strong>usque</strong></span> <span class='ocrx_word' id='word_1_413' title='bbox 890 4335 939 4371; x_wconf 92' lang='lat' dir='ltr'><strong>uo·</strong></span> 
     </span>
    </p>

    <p class='ocr_par' dir='ltr' id='par_1_15' title="bbox 154 4385 942 5787">
     <span class='ocr_line' id='line_1_61' title="bbox 161 4385 942 4456; baseline 0.008 -21"><span class='ocrx_word' id='word_1_414' title='bbox 161 4386 194 4441; x_wconf 88' lang='lat' dir='ltr'><strong>ris</strong></span> <span class='ocrx_word' id='word_1_415' title='bbox 209 4392 263 4441; x_wconf 84' lang='lat' dir='ltr'><strong>suis</strong></span> <span class='ocrx_word' id='word_1_416' title='bbox 274 4389 333 4443; x_wconf 85' lang='lat' dir='ltr'><strong>iius</strong></span> <span class='ocrx_word' id='word_1_417' title='bbox 345 4405 463 4444; x_wconf 85' lang='lat' dir='ltr'><strong>rarenen</strong></span> <span class='ocrx_word' id='word_1_418' title='bbox 474 4385 569 4455; x_wconf 89' lang='lat' dir='ltr'><strong>potuit,</strong></span> <span class='ocrx_word' id='word_1_419' title='bbox 580 4399 674 4456; x_wconf 74' lang='lat' dir='ltr'><strong>inagna</strong></span> <span class='ocrx_word' id='word_1_420' title='bbox 689 4386 827 4453; x_wconf 73' lang='lat' dir='ltr'><strong>tegentium</strong></span> <span class='ocrx_word' id='word_1_421' title='bbox 845 4387 942 4442; x_wconf 88' lang='lat' dir='ltr'><strong>damno</strong></span> 
     </span>
     <span class='ocr_line' id='line_1_62' title="bbox 162 4454 940 4533; baseline 0.004 -25"><span class='ocrx_word' id='word_1_422' title='bbox 162 4457 330 4527; x_wconf 77' lang='lat' dir='ltr'><strong>intelligunt,</strong></span> <span class='ocrx_word' id='word_1_423' title='bbox 356 4470 382 4513; x_wconf 88' lang='lat' dir='ltr'><strong>et</strong></span> <span class='ocrx_word' id='word_1_424' title='bbox 407 4460 609 4533; x_wconf 61' lang='lat' dir='ltr'><strong>iacrynrantun</strong></span> <span class='ocrx_word' id='word_1_425' title='bbox 636 4454 681 4511; x_wconf 85' lang='lat' dir='ltr'><strong>sed</strong></span> <span class='ocrx_word' id='word_1_426' title='bbox 703 4457 809 4510; x_wconf 81' lang='lat' dir='ltr'><strong>donatur</strong></span> <span class='ocrx_word' id='word_1_427' title='bbox 828 4457 940 4524; x_wconf 80' lang='lat' dir='ltr'><strong>ingentis</strong></span> 
     </span>
     <span class='ocr_line' id='line_1_63' title="bbox 161 4525 942 4594; baseline 0.003 -16"><span class='ocrx_word' id='word_1_428' title='bbox 161 4536 258 4581; x_wconf 85' lang='lat' dir='ltr'><strong>tractus</strong></span> <span class='ocrx_word' id='word_1_429' title='bbox 273 4538 401 4584; x_wconf 83' lang='lat' dir='ltr'><strong>terrarum</strong></span> <span class='ocrx_word' id='word_1_430' title='bbox 416 4545 431 4582; x_wconf 86' lang='lat' dir='ltr'><strong>a</strong></span> <span class='ocrx_word' id='word_1_431' title='bbox 443 4528 550 4583; x_wconf 84' lang='lat' dir='ltr'><strong>Gallicis</strong></span> <span class='ocrx_word' id='word_1_432' title='bbox 563 4527 658 4580; x_wconf 88' lang='lat' dir='ltr'><strong>linibus</strong></span> <span class='ocrx_word' id='word_1_433' title='bbox 668 4539 714 4593; x_wconf 90' lang='lat' dir='ltr'><strong>per</strong></span> <span class='ocrx_word' id='word_1_434' title='bbox 736 4525 901 4594; x_wconf 73' lang='lat' dir='ltr'><strong>Allobrogas.</strong></span> <span class='ocrx_word' id='word_1_435' title='bbox 914 4535 942 4583; x_wconf 91' lang='lat' dir='ltr'><strong>et</strong></span> 
     </span>
     <span class='ocr_line' id='line_1_64' title="bbox 159 4593 938 4666; baseline -0.001 -16"><span class='ocrx_word' id='word_1_436' title='bbox 159 4594 310 4663; x_wconf 73' lang='lat' dir='ltr'><strong>Seposium,</strong></span> <span class='ocrx_word' id='word_1_437' title='bbox 337 4600 443 4653; x_wconf 82' lang='lat' dir='ltr'><strong>bobium</strong></span> <span class='ocrx_word' id='word_1_438' title='bbox 455 4613 538 4666; x_wconf 68' lang='lat' dir='ltr'><strong>astrue</strong></span> <span class='ocrx_word' id='word_1_439' title='bbox 550 4596 724 4657; x_wconf 83' lang='lat' dir='ltr'><strong>excurremis,</strong></span> <span class='ocrx_word' id='word_1_440' title='bbox 753 4594 779 4647; x_wconf 92' lang='lat' dir='ltr'><strong>in</strong></span> <span class='ocrx_word' id='word_1_441' title='bbox 794 4593 938 4650; x_wconf 70' lang='lat' dir='ltr'><strong>burrianum</strong></span> 
     </span>
     <span class='ocr_line' id='line_1_65' title="bbox 162 4665 934 4731; baseline 0.001 -12"><span class='ocrx_word' id='word_1_442' title='bbox 162 4669 326 4731; x_wconf 83' lang='lat' dir='ltr'><strong>prostratam</strong></span> <span class='ocrx_word' id='word_1_443' title='bbox 341 4670 403 4723; x_wconf 86' lang='lat' dir='ltr'><strong>oiirn</strong></span> <span class='ocrx_word' id='word_1_444' title='bbox 417 4683 432 4723; x_wconf 90' lang='lat' dir='ltr'><strong>a</strong></span> <span class='ocrx_word' id='word_1_445' title='bbox 445 4669 548 4722; x_wconf 78' lang='lat' dir='ltr'><strong>Nerone</strong></span> <span class='ocrx_word' id='word_1_446' title='bbox 563 4665 662 4720; x_wconf 84' lang='lat' dir='ltr'><strong>redacti</strong></span> <span class='ocrx_word' id='word_1_447' title='bbox 679 4705 686 4728; x_wconf 89' lang='lat'><strong>,</strong></span> <span class='ocrx_word' id='word_1_448' title='bbox 703 4673 731 4717; x_wconf 92' lang='lat' dir='ltr'><strong>ut</strong></span> <span class='ocrx_word' id='word_1_449' title='bbox 743 4666 857 4718; x_wconf 88' lang='lat' dir='ltr'><strong>aitirnrut</strong></span> <span class='ocrx_word' id='word_1_450' title='bbox 870 4669 934 4720; x_wconf 79' lang='lat' dir='ltr'><strong>Sne·</strong></span> 
     </span>
     <span class='ocr_line' id='line_1_66' title="bbox 162 4735 938 4804; baseline 0.001 -17"><span class='ocrx_word' id='word_1_451' title='bbox 162 4737 249 4790; x_wconf 84' lang='lat' dir='ltr'><strong>tersius</strong></span> <span class='ocrx_word' id='word_1_452' title='bbox 262 4739 288 4791; x_wconf 94' lang='lat' dir='ltr'><strong>in</strong></span> <span class='ocrx_word' id='word_1_453' title='bbox 304 4738 361 4793; x_wconf 83' lang='lat' dir='ltr'><strong>tiu</strong></span> <span class='ocrx_word' id='word_1_454' title='bbox 375 4739 488 4793; x_wconf 83' lang='lat' dir='ltr'><strong>Neronis</strong></span> <span class='ocrx_word' id='word_1_455' title='bbox 502 4735 582 4790; x_wconf 91' lang='lat' dir='ltr'><strong>:ltem</strong></span> <span class='ocrx_word' id='word_1_456' title='bbox 592 4736 694 4802; x_wconf 77' lang='lat' dir='ltr'><strong>Alpium</strong></span> <span class='ocrx_word' id='word_1_457' title='bbox 704 4735 835 4804; x_wconf 74' lang='lat' dir='ltr'><strong>lrrgrrurn)</strong></span> <span class='ocrx_word' id='word_1_458' title='bbox 847 4736 938 4804; x_wconf 66' lang='lat' dir='ltr'><strong>defusa·</strong></span> 
     </span>
     <span class='ocr_line' id='line_1_67' title="bbox 160 4804 936 4876; baseline 0.003 -18"><span class='ocrx_word' id='word_1_459' title='bbox 160 4814 201 4859; x_wconf 75' lang='grc' dir='ltr'><strong>ιιι</strong></span> <span class='ocrx_word' id='word_1_460' title='bbox 215 4805 331 4863; x_wconf 83' lang='lat' dir='ltr'><strong>Cattiuin</strong></span> <span class='ocrx_word' id='word_1_461' title='bbox 346 4809 480 4876; x_wconf 73' lang='lat' dir='ltr'><strong>prouincias</strong></span> <span class='ocrx_word' id='word_1_462' title='bbox 491 4812 598 4870; x_wconf 75' lang='lat' dir='ltr'><strong>sormam</strong></span> <span class='ocrx_word' id='word_1_463' title='bbox 607 4807 711 4874; x_wconf 79' lang='lat' dir='ltr'><strong>redepit.</strong></span> <span class='ocrx_word' id='word_1_464' title='bbox 730 4804 936 4860; x_wconf 82' lang='lat' dir='ltr'><strong>Notabiieetratu</strong></span> 
     </span>
     <span class='ocr_line' id='line_1_68' title="bbox 159 4873 935 4951; baseline -0.009 -21"><span class='ocrx_word' id='word_1_465' title='bbox 159 4885 201 4930; x_wconf 88' lang='lat' dir='ltr'><strong>est</strong></span> <span class='ocrx_word' id='word_1_466' title='bbox 211 4891 262 4931; x_wconf 93' lang='lat' dir='ltr'><strong>nnn</strong></span> <span class='ocrx_word' id='word_1_467' title='bbox 272 4879 399 4947; x_wconf 88' lang='lat' dir='ltr'><strong>appellari</strong></span> <span class='ocrx_word' id='word_1_468' title='bbox 408 4881 545 4934; x_wconf 85' lang='lat' dir='ltr'><strong>lrastcrras</strong></span> <span class='ocrx_word' id='word_1_469' title='bbox 556 4876 683 4929; x_wconf 83' lang='lat' dir='ltr'><strong>uocabula</strong></span> <span class='ocrx_word' id='word_1_470' title='bbox 693 4873 805 4942; x_wconf 85' lang='lat' dir='ltr'><strong>simplici</strong></span> <span class='ocrx_word' id='word_1_471' title='bbox 820 4875 935 4951; x_wconf 81' lang='lat' dir='ltr'><strong>Alpium,</strong></span> 
     </span>
     <span class='ocr_line' id='line_1_69' title="bbox 159 4942 935 5016; baseline 0.001 -20"><span class='ocrx_word' id='word_1_472' title='bbox 159 4945 365 5012; x_wconf 82' lang='lat' dir='ltr'><strong>sed&#39;patrimanii</strong></span> <span class='ocrx_word' id='word_1_473' title='bbox 378 4948 493 5016; x_wconf 85' lang='lat' dir='ltr'><strong>Alpium,</strong></span> <span class='ocrx_word' id='word_1_474' title='bbox 504 4947 578 5013; x_wconf 75' lang='lat' dir='ltr'><strong>cuins</strong></span> <span class='ocrx_word' id='word_1_475' title='bbox 599 4945 712 4999; x_wconf 89' lang='lat' dir='ltr'><strong>nominis</strong></span> <span class='ocrx_word' id='word_1_476' title='bbox 733 4942 882 5010; x_wconf 90' lang='lat' dir='ltr'><strong>prorniscua</strong></span> <span class='ocrx_word' id='word_1_477' title='bbox 895 4957 935 4997; x_wconf 90' lang='lat' dir='ltr'><strong>cst</strong></span> 
     </span>
     <span class='ocr_line' id='line_1_70' title="bbox 159 5013 934 5083; baseline 0.001 -18"><span class='ocrx_word' id='word_1_478' title='bbox 159 5017 293 5083; x_wconf 86' lang='lat' dir='ltr'><strong>usurpatio</strong></span> <span class='ocrx_word' id='word_1_479' title='bbox 305 5019 331 5070; x_wconf 91' lang='lat' dir='ltr'><strong>iu</strong></span> <span class='ocrx_word' id='word_1_480' title='bbox 345 5020 477 5072; x_wconf 75' lang='lat' dir='ltr'><strong>veteribus</strong></span> <span class='ocrx_word' id='word_1_481' title='bbox 503 5015 596 5071; x_wconf 90' lang='lat' dir='ltr'><strong>tabuiis</strong></span> <span class='ocrx_word' id='word_1_482' title='bbox 620 5015 652 5067; x_wconf 86' lang='lat' dir='ltr'><strong>ad</strong></span> <span class='ocrx_word' id='word_1_483' title='bbox 678 5013 848 5080; x_wconf 74' lang='lat' dir='ltr'><strong>signiticanda</strong></span> <span class='ocrx_word' id='word_1_484' title='bbox 874 5027 934 5066; x_wconf 91' lang='lat' dir='ltr'><strong>curn</strong></span> 
     </span>
     <span class='ocr_line' id='line_1_71' title="bbox 157 5080 932 5156; baseline 0 -22"><span class='ocrx_word' id='word_1_485' title='bbox 157 5080 225 5135; x_wconf 88' lang='lat' dir='ltr'><strong>bona</strong></span> <span class='ocrx_word' id='word_1_486' title='bbox 246 5085 362 5139; x_wconf 89' lang='lat' dir='ltr'><strong>lidelium</strong></span> <span class='ocrx_word' id='word_1_487' title='bbox 388 5089 485 5156; x_wconf 90' lang='lat' dir='ltr'><strong>pietate</strong></span> <span class='ocrx_word' id='word_1_488' title='bbox 497 5086 574 5140; x_wconf 88' lang='lat' dir='ltr'><strong>beato</strong></span> <span class='ocrx_word' id='word_1_489' title='bbox 585 5085 664 5139; x_wconf 82' lang='lat' dir='ltr'><strong>Petra</strong></span> <span class='ocrx_word' id='word_1_490' title='bbox 678 5084 780 5145; x_wconf 87' lang='lat' dir='ltr'><strong>dicata,</strong></span> <span class='ocrx_word' id='word_1_491' title='bbox 798 5089 851 5135; x_wconf 88' lang='grc' dir='ltr'>ιιιιιι</span> <span class='ocrx_word' id='word_1_492' title='bbox 866 5081 932 5135; x_wconf 89' lang='lat' dir='ltr'><strong>bonu</strong></span> 
     </span>
     <span class='ocr_line' id='line_1_72' title="bbox 158 5151 933 5223; baseline -0.001 -18"><span class='ocrx_word' id='word_1_493' title='bbox 158 5152 291 5222; x_wconf 74' lang='lat' dir='ltr'><strong>regalibus</strong></span> <span class='ocrx_word' id='word_1_494' title='bbox 300 5155 402 5223; x_wconf 85' lang='lat' dir='ltr'><strong>juribus</strong></span> <span class='ocrx_word' id='word_1_495' title='bbox 418 5161 533 5211; x_wconf 90' lang='lat' dir='ltr'><strong>astricta.</strong></span> <span class='ocrx_word' id='word_1_496' title='bbox 552 5151 767 5209; x_wconf 71' lang='lat' dir='ltr'><strong>i‘reclasumiroe</strong></span> <span class='ocrx_word' id='word_1_497' title='bbox 777 5165 933 5205; x_wconf 84' lang='lat' dir='ltr'><strong>rnorsurnen·</strong></span> 
     </span>
     <span class='ocr_line' id='line_1_73' title="bbox 157 5222 934 5285; baseline 0.003 -10"><span class='ocrx_word' id='word_1_498' title='bbox 157 5230 212 5276; x_wconf 90' lang='lat' dir='ltr'><strong>turn</strong></span> <span class='ocrx_word' id='word_1_499' title='bbox 240 5222 342 5279; x_wconf 84' lang='lat' dir='ltr'><strong>luriurn</strong></span> <span class='ocrx_word' id='word_1_500' title='bbox 357 5227 482 5280; x_wconf 78' lang='lat' dir='ltr'><strong>iiomanre</strong></span> <span class='ocrx_word' id='word_1_501' title='bbox 498 5225 626 5280; x_wconf 79' lang='lat' dir='ltr'><strong>Ecclesiae</strong></span> <span class='ocrx_word' id='word_1_502' title='bbox 650 5223 716 5279; x_wconf 88' lang='lat' dir='ltr'><strong>urire</strong></span> <span class='ocrx_word' id='word_1_503' title='bbox 739 5223 881 5285; x_wconf 75' lang='lat' dir='ltr'><strong>inaurant,</strong></span> <span class='ocrx_word' id='word_1_504' title='bbox 904 5230 934 5276; x_wconf 92' lang='lat' dir='ltr'><strong>et</strong></span> 
     </span>
     <span class='ocr_line' id='line_1_74' title="bbox 155 5290 932 5364; baseline -0.005 -17"><span class='ocrx_word' id='word_1_505' title='bbox 155 5293 313 5348; x_wconf 79' lang='lat' dir='ltr'><strong>curtssrmant</strong></span> <span class='ocrx_word' id='word_1_506' title='bbox 326 5297 621 5364; x_wconf 78' lang='lat' dir='ltr'><strong>Anastasianarepcsta,</strong></span> <span class='ocrx_word' id='word_1_507' title='bbox 634 5303 753 5349; x_wconf 84' lang='lat' dir='ltr'><strong>vertente</strong></span> <span class='ocrx_word' id='word_1_508' title='bbox 764 5293 814 5346; x_wconf 88' lang='lat' dir='ltr'><strong>boe</strong></span> <span class='ocrx_word' id='word_1_509' title='bbox 825 5290 932 5351; x_wconf 70' lang='lat' dir='ltr'><strong>saecula,</strong></span> 
     </span>
     <span class='ocr_line' id='line_1_75' title="bbox 156 5362 933 5430; baseline 0.001 -15"><span class='ocrx_word' id='word_1_510' title='bbox 156 5362 339 5430; x_wconf 86' lang='lat' dir='ltr'><strong>donationum,</strong></span> <span class='ocrx_word' id='word_1_511' title='bbox 349 5365 557 5426; x_wconf 80' lang='lat' dir='ltr'><strong>restitutionum,</strong></span> <span class='ocrx_word' id='word_1_512' title='bbox 570 5364 795 5426; x_wconf 86' lang='lat' dir='ltr'><strong>recuperationem</strong></span> <span class='ocrx_word' id='word_1_513' title='bbox 805 5371 933 5416; x_wconf 87' lang='lat' dir='ltr'><strong>terraram</strong></span> 
     </span>
     <span class='ocr_line' id='line_1_76' title="bbox 154 5430 934 5503; baseline -0.001 -19"><span class='ocrx_word' id='word_1_514' title='bbox 154 5442 181 5484; x_wconf 87' lang='lat' dir='ltr'><strong>et</strong></span> <span class='ocrx_word' id='word_1_515' title='bbox 195 5436 410 5502; x_wconf 81' lang='lat' dir='ltr'><strong>patrimoniorum</strong></span> <span class='ocrx_word' id='word_1_516' title='bbox 426 5452 440 5488; x_wconf 88' lang='lat' dir='ltr'><strong>a</strong></span> <span class='ocrx_word' id='word_1_517' title='bbox 456 5435 561 5503; x_wconf 73' lang='lat' dir='ltr'><strong>regibus</strong></span> <span class='ocrx_word' id='word_1_518' title='bbox 572 5430 761 5498; x_wconf 75' lang='lat' dir='ltr'><strong>Ltrrrpobrrdis,</strong></span> <span class='ocrx_word' id='word_1_519' title='bbox 771 5442 798 5487; x_wconf 89' lang='lat' dir='ltr'><strong>ct</strong></span> <span class='ocrx_word' id='word_1_520' title='bbox 811 5432 934 5486; x_wconf 85' lang='lat' dir='ltr'><strong>i&#39;rauer-</strong></span> 
     </span>
     <span class='ocr_line' id='line_1_77' title="bbox 154 5501 936 5561; baseline 0.003 -7"><span class='ocrx_word' id='word_1_521' title='bbox 154 5503 193 5554; x_wconf 86' lang='lat' dir='ltr'><strong>eis</strong></span> <span class='ocrx_word' id='word_1_522' title='bbox 213 5516 312 5559; x_wconf 83' lang='lat' dir='ltr'><strong>surreiae</strong></span> <span class='ocrx_word' id='word_1_523' title='bbox 337 5507 462 5561; x_wconf 83' lang='lat' dir='ltr'><strong>iiorrrsnse</strong></span> <span class='ocrx_word' id='word_1_524' title='bbox 491 5504 618 5558; x_wconf 71' lang='lat' dir='ltr'><strong>Ecclesiae</strong></span> <span class='ocrx_word' id='word_1_525' title='bbox 634 5504 771 5555; x_wconf 78' lang='lat' dir='ltr'><strong>luctarum.</strong></span> <span class='ocrx_word' id='word_1_526' title='bbox 794 5501 870 5555; x_wconf 82' lang='lat' dir='ltr'><strong>lutat</strong></span> <span class='ocrx_word' id='word_1_527' title='bbox 893 5501 936 5556; x_wconf 87' lang='lat' dir='ltr'><strong>irie</strong></span> 
     </span>
     <span class='ocr_line' id='line_1_78' title="bbox 154 5570 936 5640; baseline -0.001 -16"><span class='ocrx_word' id='word_1_528' title='bbox 154 5583 233 5624; x_wconf 84' lang='grc' dir='ltr'>ιιιιιιιι</span> <span class='ocrx_word' id='word_1_529' title='bbox 249 5585 293 5626; x_wconf 87' lang='lat' dir='ltr'><strong>aut</strong></span> <span class='ocrx_word' id='word_1_530' title='bbox 308 5576 419 5632; x_wconf 83' lang='lat' dir='ltr'><strong>alterurn</strong></span> <span class='ocrx_word' id='word_1_531' title='bbox 429 5578 454 5630; x_wconf 89' lang='lat' dir='ltr'><strong>iu</strong></span> <span class='ocrx_word' id='word_1_532' title='bbox 466 5584 632 5630; x_wconf 80' lang='lat' dir='ltr'><strong>antecessum</strong></span> <span class='ocrx_word' id='word_1_533' title='bbox 644 5570 745 5627; x_wconf 80' lang='lat' dir='ltr'><strong>reterre</strong></span> <span class='ocrx_word' id='word_1_534' title='bbox 758 5571 783 5626; x_wconf 86' lang='lat' dir='ltr'><strong>iu</strong></span> <span class='ocrx_word' id='word_1_535' title='bbox 795 5586 936 5640; x_wconf 75' lang='lat' dir='ltr'><strong>arguamn-</strong></span> 
     </span>
     <span class='ocr_line' id='line_1_79' title="bbox 155 5636 935 5711; baseline 0.006 -19"><span class='ocrx_word' id='word_1_536' title='bbox 155 5639 175 5694; x_wconf 91' lang='lat' dir='ltr'><strong>ti</strong></span> <span class='ocrx_word' id='word_1_537' title='bbox 188 5644 427 5708; x_wconf 82' lang='lat' dir='ltr'><strong>coudrmatiunear.</strong></span> <span class='ocrx_word' id='word_1_538' title='bbox 456 5645 497 5698; x_wconf 84' lang='lat' dir='ltr'><strong>Ad</strong></span> <span class='ocrx_word' id='word_1_539' title='bbox 512 5657 610 5698; x_wconf 87' lang='lat' dir='ltr'><strong>sanum</strong></span> <span class='ocrx_word' id='word_1_540' title='bbox 621 5636 693 5705; x_wconf 83' lang='lat' dir='ltr'><strong>stt,</strong></span> <span class='ocrx_word' id='word_1_541' title='bbox 710 5639 824 5711; x_wconf 77' lang='lat' dir='ltr'><strong>lcpirrrus</strong></span> <span class='ocrx_word' id='word_1_542' title='bbox 835 5643 863 5700; x_wconf 89' lang='lat' dir='ltr'><strong>in</strong></span> <span class='ocrx_word' id='word_1_543' title='bbox 877 5642 935 5697; x_wconf 87' lang='lat' dir='ltr'><strong>i&#39;its</strong></span> 
     </span>
     <span class='ocr_line' id='line_1_80' title="bbox 156 5707 939 5787; baseline 0.005 -22"><span class='ocrx_word' id='word_1_544' title='bbox 156 5707 273 5783; x_wconf 77' lang='lat' dir='ltr'><strong>Gregorii</strong></span> <span class='ocrx_word' id='word_1_545' title='bbox 285 5713 316 5783; x_wconf 89' lang='lat' dir='ltr'><strong>ll,</strong></span> <span class='ocrx_word' id='word_1_546' title='bbox 333 5728 412 5787; x_wconf 84' lang='lat' dir='ltr'><strong>penes</strong></span> <span class='ocrx_word' id='word_1_547' title='bbox 426 5715 484 5783; x_wconf 73' lang='lat' dir='ltr'><strong>Ana</strong></span> <span class='ocrx_word' id='word_1_548' title='bbox 501 5713 606 5777; x_wconf 78' lang='lat' dir='ltr'><strong>tesiam,</strong></span> <span class='ocrx_word' id='word_1_549' title='bbox 621 5711 663 5782; x_wconf 83' lang='lat' dir='ltr'><strong>qui</strong></span> <span class='ocrx_word' id='word_1_550' title='bbox 679 5712 790 5768; x_wconf 82' lang='lat' dir='ltr'><strong>l&#39;ortssse</strong></span> <span class='ocrx_word' id='word_1_551' title='bbox 804 5724 837 5766; x_wconf 85' lang='lat' dir='ltr'><strong>es</strong></span> <span class='ocrx_word' id='word_1_552' title='bbox 854 5713 939 5769; x_wconf 67' lang='lat' dir='ltr'><strong>Paulo</strong></span> 
     </span>
    </p>
   </div>
   <div class='ocr_carea' id='block_1_11' title="bbox 979 1193 1768 1815">
    <p class='ocr_par' dir='ltr' id='par_1_16' title="bbox 979 1193 1768 1815">
     <span class='ocr_line' id='line_1_81' title="bbox 980 1193 1763 1266; baseline 0.013 -19"><span class='ocrx_word' id='word_1_553' title='bbox 980 1194 1096 1248; x_wconf 86' lang='lat' dir='ltr'><strong>biaaono</strong></span> <span class='ocrx_word' id='word_1_554' title='bbox 1108 1194 1207 1262; x_wconf 88' lang='lat' dir='ltr'><strong>pariter</strong></span> <span class='ocrx_word' id='word_1_555' title='bbox 1221 1194 1369 1260; x_wconf 87' lang='lat' dir='ltr'><strong>exscripsit,</strong></span> <span class='ocrx_word' id='word_1_556' title='bbox 1381 1193 1544 1262; x_wconf 77' lang='lat' dir='ltr'><strong>illegitimam</strong></span> <span class='ocrx_word' id='word_1_557' title='bbox 1561 1205 1763 1266; x_wconf 90' lang='lat' dir='ltr'><strong>usurpationem</strong></span> 
     </span>
     <span class='ocr_line' id='line_1_82' title="bbox 980 1262 1765 1334; baseline 0.014 -18"><span class='ocrx_word' id='word_1_558' title='bbox 980 1264 1135 1317; x_wconf 90' lang='lat' dir='ltr'><strong>earumdem</strong></span> <span class='ocrx_word' id='word_1_559' title='bbox 1149 1262 1256 1331; x_wconf 86' lang='lat' dir='ltr'><strong>Alpium</strong></span> <span class='ocrx_word' id='word_1_560' title='bbox 1266 1263 1423 1327; x_wconf 76' lang='lat' dir='ltr'><strong>cottiarum,</strong></span> <span class='ocrx_word' id='word_1_561' title='bbox 1443 1275 1470 1317; x_wconf 89' lang='lat' dir='ltr'><strong>et</strong></span> <span class='ocrx_word' id='word_1_562' title='bbox 1490 1267 1644 1334; x_wconf 90' lang='lat' dir='ltr'><strong>paulopost</strong></span> <span class='ocrx_word' id='word_1_563' title='bbox 1670 1271 1765 1326; x_wconf 90' lang='lat' dir='ltr'><strong>subse·</strong></span> 
     </span>
     <span class='ocr_line' id='line_1_83' title="bbox 979 1331 1760 1406; baseline 0.013 -23"><span class='ocrx_word' id='word_1_564' title='bbox 979 1341 1067 1391; x_wconf 78' lang='lat' dir='ltr'><strong>erutam</strong></span> <span class='ocrx_word' id='word_1_565' title='bbox 1093 1332 1191 1401; x_wconf 77' lang='lat' dir='ltr'><strong>iu&#39;stsrn</strong></span> <span class='ocrx_word' id='word_1_566' title='bbox 1216 1331 1408 1392; x_wconf 84' lang='lat' dir='ltr'><strong>restitutionem</strong></span> <span class='ocrx_word' id='word_1_567' title='bbox 1432 1333 1526 1387; x_wconf 61' lang='lat' dir='ltr'><strong>irratam</strong></span> <span class='ocrx_word' id='word_1_568' title='bbox 1555 1337 1760 1406; x_wconf 86' lang='lat' dir='ltr'><strong>aLtritprando.</strong></span> 
     </span>
     <span class='ocr_line' id='line_1_84' title="bbox 983 1399 1765 1471; baseline 0.015 -19"><span class='ocrx_word' id='word_1_569' title='bbox 983 1399 1020 1452; x_wconf 82' lang='lat' dir='ltr'><strong>Ea</strong></span> <span class='ocrx_word' id='word_1_570' title='bbox 1037 1411 1158 1471; x_wconf 87' lang='lat' dir='ltr'><strong>tempore,</strong></span> <span class='ocrx_word' id='word_1_571' title='bbox 1175 1401 1258 1468; x_wconf 84' lang='lat' dir='ltr'><strong>inquit</strong></span> <span class='ocrx_word' id='word_1_572' title='bbox 1272 1401 1426 1455; x_wconf 77' lang='lat' dir='ltr'><strong>Anastasius</strong></span> <span class='ocrx_word' id='word_1_573' title='bbox 1441 1444 1448 1465; x_wconf 90' lang='lat'><strong>,</strong></span> <span class='ocrx_word' id='word_1_574' title='bbox 1465 1402 1640 1468; x_wconf 76' lang='lat' dir='ltr'><strong>luitprandus</strong></span> <span class='ocrx_word' id='word_1_575' title='bbox 1655 1424 1701 1463; x_wconf 82' lang='lat' dir='ltr'><strong>res</strong></span> <span class='ocrx_word' id='word_1_576' title='bbox 1715 1412 1765 1463; x_wconf 89' lang='lat' dir='ltr'><strong>do·</strong></span> 
     </span>
     <span class='ocr_line' id='line_1_85' title="bbox 982 1470 1768 1548; baseline 0.014 -26"><span class='ocrx_word' id='word_1_577' title='bbox 982 1473 1110 1524; x_wconf 88' lang='lat' dir='ltr'><strong>nationem</strong></span> <span class='ocrx_word' id='word_1_578' title='bbox 1125 1471 1272 1536; x_wconf 86' lang='lat' dir='ltr'><strong>patrimonii</strong></span> <span class='ocrx_word' id='word_1_579' title='bbox 1287 1471 1389 1537; x_wconf 89' lang='lat' dir='ltr'><strong>Alpium</strong></span> <span class='ocrx_word' id='word_1_580' title='bbox 1403 1470 1560 1539; x_wconf 80' lang='lat' dir='ltr'><strong>Certiorem,</strong></span> <span class='ocrx_word' id='word_1_581' title='bbox 1576 1491 1652 1542; x_wconf 77' lang='lat' dir='ltr'><strong>quant</strong></span> <span class='ocrx_word' id='word_1_582' title='bbox 1663 1479 1768 1548; x_wconf 56' lang='lat' dir='ltr'><strong>Aripers</strong></span> 
     </span>
     <span class='ocr_line' id='line_1_86' title="bbox 984 1538 1765 1608; baseline 0.01 -17"><span class='ocrx_word' id='word_1_583' title='bbox 984 1547 1025 1592; x_wconf 89' lang='lat' dir='ltr'><strong>tas</strong></span> <span class='ocrx_word' id='word_1_584' title='bbox 1051 1555 1096 1598; x_wconf 83' lang='lat' dir='ltr'><strong>aea</strong></span> <span class='ocrx_word' id='word_1_585' title='bbox 1121 1541 1224 1608; x_wconf 71' lang='lat' dir='ltr'><strong>lecerat,</strong></span> <span class='ocrx_word' id='word_1_586' title='bbox 1249 1538 1339 1608; x_wconf 85' lang='lat' dir='ltr'><strong>lricqae</strong></span> <span class='ocrx_word' id='word_1_587' title='bbox 1354 1541 1496 1604; x_wconf 82' lang='lat' dir='ltr'><strong>repetierat,</strong></span> <span class='ocrx_word' id='word_1_588' title='bbox 1511 1543 1685 1601; x_wconf 84' lang='lat' dir='ltr'><strong>admonitione</strong></span> <span class='ocrx_word' id='word_1_589' title='bbox 1698 1552 1765 1602; x_wconf 88' lang='lat' dir='ltr'><strong>tanti</strong></span> 
     </span>
     <span class='ocr_line' id='line_1_87' title="bbox 984 1607 1764 1684; baseline 0.013 -23"><span class='ocrx_word' id='word_1_590' title='bbox 984 1609 1032 1661; x_wconf 84' lang='lat' dir='ltr'><strong>ciri</strong></span> <span class='ocrx_word' id='word_1_591' title='bbox 1049 1611 1056 1667; x_wconf 88' lang='lat' dir='ltr'><strong>l</strong></span> <span class='ocrx_word' id='word_1_592' title='bbox 1061 1609 1176 1677; x_wconf 80' lang='lat' dir='ltr'><strong>Greporii</strong></span> <span class='ocrx_word' id='word_1_593' title='bbox 1190 1607 1231 1677; x_wconf 87' lang='lat' dir='ltr'><strong>ll)</strong></span> <span class='ocrx_word' id='word_1_594' title='bbox 1245 1607 1284 1661; x_wconf 87' lang='lat' dir='ltr'><strong>uel</strong></span> <span class='ocrx_word' id='word_1_595' title='bbox 1306 1613 1476 1677; x_wconf 78' lang='lat' dir='ltr'><strong>increpatione</strong></span> <span class='ocrx_word' id='word_1_596' title='bbox 1488 1613 1614 1665; x_wconf 77' lang='lat' dir='ltr'><strong>redditam</strong></span> <span class='ocrx_word' id='word_1_597' title='bbox 1628 1618 1764 1684; x_wconf 75' lang='lat' dir='ltr'><strong>confirma·</strong></span> 
     </span>
     <span class='ocr_line' id='line_1_88' title="bbox 985 1678 1765 1751; baseline 0.01 -20"><span class='ocrx_word' id='word_1_598' title='bbox 985 1679 1031 1731; x_wconf 87' lang='lat' dir='ltr'><strong>uit.</strong></span> <span class='ocrx_word' id='word_1_599' title='bbox 1046 1678 1080 1732; x_wconf 82' lang='lat' dir='ltr'><strong>Et</strong></span> <span class='ocrx_word' id='word_1_600' title='bbox 1099 1679 1140 1733; x_wconf 89' lang='lat' dir='ltr'><strong>iric</strong></span> <span class='ocrx_word' id='word_1_601' title='bbox 1153 1678 1227 1732; x_wconf 88' lang='lat' dir='ltr'><strong>rides</strong></span> <span class='ocrx_word' id='word_1_602' title='bbox 1251 1678 1390 1739; x_wconf 90' lang='lat' dir='ltr'><strong>repetitam</strong></span> <span class='ocrx_word' id='word_1_603' title='bbox 1405 1680 1525 1734; x_wconf 88' lang='lat' dir='ltr'><strong>eamdem</strong></span> <span class='ocrx_word' id='word_1_604' title='bbox 1541 1696 1632 1736; x_wconf 89' lang='lat' dir='ltr'><strong>rocem</strong></span> <span class='ocrx_word' id='word_1_605' title='bbox 1644 1688 1765 1751; x_wconf 82' lang='lat' dir='ltr'><strong>patriaru-</strong></span> 
     </span>
     <span class='ocr_line' id='line_1_89' title="bbox 986 1745 1764 1815; baseline 0.014 -16"><span class='ocrx_word' id='word_1_606' title='bbox 986 1747 1034 1810; x_wconf 87' lang='lat' dir='ltr'><strong>nii,</strong></span> <span class='ocrx_word' id='word_1_607' title='bbox 1048 1746 1116 1815; x_wconf 82' lang='lat' dir='ltr'><strong>quod</strong></span> <span class='ocrx_word' id='word_1_608' title='bbox 1132 1763 1182 1801; x_wconf 92' lang='lat' dir='ltr'><strong>non</strong></span> <span class='ocrx_word' id='word_1_609' title='bbox 1194 1762 1256 1802; x_wconf 91' lang='lat' dir='ltr'><strong>cusu</strong></span> <span class='ocrx_word' id='word_1_610' title='bbox 1271 1745 1388 1809; x_wconf 89' lang='lat' dir='ltr'><strong>lactum,</strong></span> <span class='ocrx_word' id='word_1_611' title='bbox 1407 1749 1454 1803; x_wconf 87' lang='lat' dir='ltr'><strong>sed</strong></span> <span class='ocrx_word' id='word_1_612' title='bbox 1471 1749 1592 1815; x_wconf 78' lang='lat' dir='ltr'><strong>prudemi</strong></span> <span class='ocrx_word' id='word_1_613' title='bbox 1606 1755 1719 1810; x_wconf 90' lang='lat' dir='ltr'><strong>consilio</strong></span> <span class='ocrx_word' id='word_1_614' title='bbox 1730 1758 1764 1810; x_wconf 91' lang='lat' dir='ltr'><strong>sd</strong></span> 
     </span>
    </p>
   </div>
   <div class='ocr_carea' id='block_1_12' title="bbox 950 1803 1765 1894">
    <p class='ocr_par' dir='ltr' id='par_1_17' title="bbox 950 1803 1765 1894">
     <span class='ocr_line' id='line_1_90' title="bbox 950 1803 1765 1894; baseline 0.011 -26"><span class='ocrx_word' id='word_1_615' title='bbox 950 1803 971 1860; x_wconf 70' lang='grc' dir='ltr'>Β</span> <span class='ocrx_word' id='word_1_616' title='bbox 984 1816 1173 1872; x_wconf 75' lang='lat' dir='ltr'><strong>declarandum</strong></span> <span class='ocrx_word' id='word_1_617' title='bbox 1185 1817 1312 1872; x_wconf 92' lang='lat' dir='ltr'><strong>bonorum</strong></span> <span class='ocrx_word' id='word_1_618' title='bbox 1322 1817 1521 1879; x_wconf 83' lang='lat' dir='ltr'><strong>translationem</strong></span> <span class='ocrx_word' id='word_1_619' title='bbox 1532 1835 1546 1873; x_wconf 92' lang='lat' dir='ltr'><strong>a</strong></span> <span class='ocrx_word' id='word_1_620' title='bbox 1559 1823 1765 1894; x_wconf 68' lang='lat' dir='ltr'><strong>cerealibusjuri·¹</strong></span> 
     </span>
    </p>
   </div>
   <div class='ocr_carea' id='block_1_13' title="bbox 985 1884 1779 3143">
    <p class='ocr_par' dir='ltr' id='par_1_18' title="bbox 985 1884 1674 1959">
     <span class='ocr_line' id='line_1_91' title="bbox 985 1884 1674 1959; baseline 0.007 -19"><span class='ocrx_word' id='word_1_621' title='bbox 985 1886 1032 1940; x_wconf 88' lang='lat' dir='ltr'><strong>bus</strong></span> <span class='ocrx_word' id='word_1_622' title='bbox 1046 1884 1078 1938; x_wconf 91' lang='lat' dir='ltr'><strong>ad</strong></span> <span class='ocrx_word' id='word_1_623' title='bbox 1091 1885 1149 1953; x_wconf 84' lang='lat' dir='ltr'><strong>jura</strong></span> <span class='ocrx_word' id='word_1_624' title='bbox 1164 1893 1263 1939; x_wconf 81' lang='lat' dir='ltr'><strong>sancta</strong></span> <span class='ocrx_word' id='word_1_625' title='bbox 1274 1885 1346 1938; x_wconf 84' lang='lat' dir='ltr'><strong>sedis</strong></span> <span class='ocrx_word' id='word_1_626' title='bbox 1360 1886 1435 1941; x_wconf 75' lang='lat' dir='ltr'><strong>lacile</strong></span> <span class='ocrx_word' id='word_1_627' title='bbox 1450 1888 1561 1957; x_wconf 72' lang='lat' dir='ltr'><strong>intelligi</strong></span> <span class='ocrx_word' id='word_1_628' title='bbox 1574 1901 1674 1959; x_wconf 89' lang='lat' dir='ltr'><strong>petest.</strong></span> 
     </span>
    </p>

    <p class='ocr_par' dir='ltr' id='par_1_19' title="bbox 985 1952 1779 3143">
     <span class='ocr_line' id='line_1_92' title="bbox 1021 1952 1764 2026; baseline 0.012 -17"><span class='ocrx_word' id='word_1_629' title='bbox 1021 1957 1098 2009; x_wconf 89' lang='lat' dir='ltr'><strong>Anno</strong></span> <span class='ocrx_word' id='word_1_630' title='bbox 1117 1954 1178 2018; x_wconf 74' lang='lat' dir='ltr'><strong>iili,</strong></span> <span class='ocrx_word' id='word_1_631' title='bbox 1194 1952 1358 2019; x_wconf 75' lang='lat' dir='ltr'><strong>Langobardi</strong></span> <span class='ocrx_word' id='word_1_632' title='bbox 1380 1955 1442 2009; x_wconf 89' lang='lat' dir='ltr'><strong>dala</strong></span> <span class='ocrx_word' id='word_1_633' title='bbox 1458 1959 1593 2026; x_wconf 88' lang='lat' dir='ltr'><strong>potiuntur</strong></span> <span class='ocrx_word' id='word_1_634' title='bbox 1606 1971 1694 2015; x_wconf 88' lang='lat' dir='ltr'><strong>castra</strong></span> <span class='ocrx_word' id='word_1_635' title='bbox 1708 1962 1764 2018; x_wconf 82' lang='lat' dir='ltr'><strong>Cn·</strong></span> 
     </span>
     <span class='ocr_line' id='line_1_93' title="bbox 985 2023 1766 2096; baseline 0.014 -20"><span class='ocrx_word' id='word_1_636' title='bbox 985 2038 1074 2084; x_wconf 88' lang='lat' dir='ltr'><strong>mane,</strong></span> <span class='ocrx_word' id='word_1_637' title='bbox 1092 2024 1218 2090; x_wconf 80' lang='lat' dir='ltr'><strong>utiquead</strong></span> <span class='ocrx_word' id='word_1_638' title='bbox 1228 2023 1352 2077; x_wconf 75' lang='lat' dir='ltr'><strong>Romanae</strong></span> <span class='ocrx_word' id='word_1_639' title='bbox 1360 2024 1486 2080; x_wconf 77' lang='lat' dir='ltr'><strong>Ecclesiae</strong></span> <span class='ocrx_word' id='word_1_640' title='bbox 1495 2028 1622 2084; x_wconf 88' lang='lat' dir='ltr'><strong>ditionem</strong></span> <span class='ocrx_word' id='word_1_641' title='bbox 1634 2032 1766 2096; x_wconf 88' lang='lat' dir='ltr'><strong>pertinan-</strong></span> 
     </span>
     <span class='ocr_line' id='line_1_94' title="bbox 986 2090 1764 2167; baseline 0.015 -23"><span class='ocrx_word' id='word_1_642' title='bbox 986 2101 1022 2147; x_wconf 91' lang='lat' dir='ltr'><strong>te.</strong></span> <span class='ocrx_word' id='word_1_643' title='bbox 1034 2090 1154 2146; x_wconf 86' lang='lat' dir='ltr'><strong>Pumiles</strong></span> <span class='ocrx_word' id='word_1_644' title='bbox 1162 2093 1257 2159; x_wconf 89' lang='lat' dir='ltr'><strong>repetit</strong></span> <span class='ocrx_word' id='word_1_645' title='bbox 1268 2093 1317 2145; x_wconf 89' lang='lat' dir='ltr'><strong>sibi</strong></span> <span class='ocrx_word' id='word_1_646' title='bbox 1330 2093 1426 2160; x_wconf 83' lang='lat' dir='ltr'><strong>injrrste</strong></span> <span class='ocrx_word' id='word_1_647' title='bbox 1434 2108 1550 2165; x_wconf 86' lang='lat' dir='ltr'><strong>ereptam</strong></span> <span class='ocrx_word' id='word_1_648' title='bbox 1559 2103 1764 2167; x_wconf 85' lang='lat' dir='ltr'><strong>passessionem,</strong></span> 
     </span>
     <span class='ocr_line' id='line_1_95' title="bbox 986 2160 1772 2230; baseline 0.017 -17"><span class='ocrx_word' id='word_1_649' title='bbox 986 2175 1077 2230; x_wconf 86' lang='lat' dir='ltr'><strong>quarn,</strong></span> <span class='ocrx_word' id='word_1_650' title='bbox 1092 2161 1210 2216; x_wconf 90' lang='lat' dir='ltr'><strong>obtinere</strong></span> <span class='ocrx_word' id='word_1_651' title='bbox 1224 2160 1345 2230; x_wconf 85' lang='lat' dir='ltr'><strong>precibus</strong></span> <span class='ocrx_word' id='word_1_652' title='bbox 1360 2164 1457 2218; x_wconf 82' lang='lat' dir='ltr'><strong>frustra</strong></span> <span class='ocrx_word' id='word_1_653' title='bbox 1474 2167 1557 2230; x_wconf 86' lang='lat' dir='ltr'><strong>nisus,</strong></span> <span class='ocrx_word' id='word_1_654' title='bbox 1572 2169 1715 2225; x_wconf 89' lang='lat' dir='ltr'><strong>socialibus</strong></span> <span class='ocrx_word' id='word_1_655' title='bbox 1725 2164 1772 2226; x_wconf 71' lang='lat' dir='ltr'><strong>ar-¹</strong></span> 
     </span>
     <span class='ocr_line' id='line_1_96' title="bbox 988 2229 1768 2308; baseline 0.015 -25"><span class='ocrx_word' id='word_1_656' title='bbox 988 2229 1038 2283; x_wconf 82' lang='lat' dir='ltr'><strong>ruris</strong></span> <span class='ocrx_word' id='word_1_657' title='bbox 1048 2231 1212 2298; x_wconf 85' lang='lat' dir='ltr'><strong>Neapolitani</strong></span> <span class='ocrx_word' id='word_1_658' title='bbox 1227 2232 1353 2298; x_wconf 86' lang='lat' dir='ltr'><strong>principis</strong></span> <span class='ocrx_word' id='word_1_659' title='bbox 1367 2249 1431 2287; x_wconf 84' lang='lat' dir='ltr'><strong>usus</strong></span> <span class='ocrx_word' id='word_1_660' title='bbox 1445 2276 1453 2297; x_wconf 93' lang='lat'><strong>,</strong></span> <span class='ocrx_word' id='word_1_661' title='bbox 1467 2246 1604 2290; x_wconf 88' lang='lat' dir='ltr'><strong>numerata</strong></span> <span class='ocrx_word' id='word_1_662' title='bbox 1621 2239 1708 2294; x_wconf 64' lang='lat' dir='ltr'><strong>cirtem</strong></span> <span class='ocrx_word' id='word_1_663' title='bbox 1722 2256 1768 2308; x_wconf 76' lang='lat' dir='ltr'><strong>pe·</strong></span> 
     </span>
     <span class='ocr_line' id='line_1_97' title="bbox 988 2299 1766 2373; baseline 0.014 -21"><span class='ocrx_word' id='word_1_664' title='bbox 988 2301 1065 2352; x_wconf 82' lang='lat' dir='ltr'><strong>etruria</strong></span> <span class='ocrx_word' id='word_1_665' title='bbox 1076 2300 1196 2357; x_wconf 85' lang='lat' dir='ltr'><strong>redeam.</strong></span> <span class='ocrx_word' id='word_1_666' title='bbox 1208 2299 1350 2353; x_wconf 84' lang='lat' dir='ltr'><strong>Crrrnnmrnr</strong></span> <span class='ocrx_word' id='word_1_667' title='bbox 1366 2305 1442 2354; x_wconf 87' lang='lat' dir='ltr'><strong>etium</strong></span> <span class='ocrx_word' id='word_1_668' title='bbox 1457 2316 1578 2368; x_wconf 87' lang='lat' dir='ltr'><strong>castrant,</strong></span> <span class='ocrx_word' id='word_1_669' title='bbox 1594 2307 1679 2373; x_wconf 79' lang='lat' dir='ltr'><strong>itteuit</strong></span> <span class='ocrx_word' id='word_1_670' title='bbox 1694 2311 1766 2362; x_wconf 89' lang='lat' dir='ltr'><strong>Arra-</strong></span> 
     </span>
     <span class='ocr_line' id='line_1_98' title="bbox 988 2369 1767 2445; baseline 0.012 -23"><span class='ocrx_word' id='word_1_671' title='bbox 988 2371 1086 2423; x_wconf 87' lang='lat' dir='ltr'><strong>stasius</strong></span> <span class='ocrx_word' id='word_1_672' title='bbox 1102 2371 1128 2423; x_wconf 92' lang='lat' dir='ltr'><strong>in</strong></span> <span class='ocrx_word' id='word_1_673' title='bbox 1143 2370 1200 2422; x_wconf 76' lang='lat' dir='ltr'><strong>iiia</strong></span> <span class='ocrx_word' id='word_1_674' title='bbox 1213 2369 1331 2439; x_wconf 78' lang='lat' dir='ltr'><strong>Gregorii</strong></span> <span class='ocrx_word' id='word_1_675' title='bbox 1346 2370 1376 2437; x_wconf 83' lang='lat' dir='ltr'><strong>tt,</strong></span> <span class='ocrx_word' id='word_1_676' title='bbox 1392 2374 1447 2442; x_wconf 86' lang='lat' dir='ltr'><strong>ipss</strong></span> <span class='ocrx_word' id='word_1_677' title='bbox 1459 2379 1541 2442; x_wconf 73' lang='lat' dir='ltr'><strong>[uerat</strong></span> <span class='ocrx_word' id='word_1_678' title='bbox 1551 2377 1767 2445; x_wconf 81' lang='lat' dir='ltr'><strong>tenrporaaLou-</strong></span> 
     </span>
     <span class='ocr_line' id='line_1_99' title="bbox 989 2438 1773 2508; baseline 0.017 -19"><span class='ocrx_word' id='word_1_679' title='bbox 989 2438 1108 2507; x_wconf 78' lang='lat' dir='ltr'><strong>pobardis</strong></span> <span class='ocrx_word' id='word_1_680' title='bbox 1127 2441 1196 2504; x_wconf 88' lang='lat' dir='ltr'><strong>pacis</strong></span> <span class='ocrx_word' id='word_1_681' title='bbox 1207 2441 1265 2492; x_wconf 89' lang='lat' dir='ltr'><strong>dolo</strong></span> <span class='ocrx_word' id='word_1_682' title='bbox 1280 2443 1593 2508; x_wconf 69' lang='lat' dir='ltr'><strong>percurarcpercurare,</strong></span> <span class='ocrx_word' id='word_1_683' title='bbox 1610 2462 1694 2500; x_wconf 87' lang='lat' dir='ltr'><strong>earnes</strong></span> <span class='ocrx_word' id='word_1_684' title='bbox 1708 2457 1773 2503; x_wconf 84' lang='lat' dir='ltr'><strong>sunt</strong></span> 
     </span>
     <span class='ocr_line' id='line_1_100' title="bbox 989 2508 1767 2586; baseline 0.014 -26"><span class='ocrx_word' id='word_1_685' title='bbox 989 2508 1083 2561; x_wconf 83' lang='lat' dir='ltr'><strong>redditi</strong></span> <span class='ocrx_word' id='word_1_686' title='bbox 1096 2511 1189 2562; x_wconf 83' lang='lat' dir='ltr'><strong>tristes.</strong></span> <span class='ocrx_word' id='word_1_687' title='bbox 1206 2508 1351 2565; x_wconf 88' lang='lat' dir='ltr'><strong>Adlrartans</strong></span> <span class='ocrx_word' id='word_1_688' title='bbox 1364 2513 1439 2564; x_wconf 89' lang='lat' dir='ltr'><strong>etiam</strong></span> <span class='ocrx_word' id='word_1_689' title='bbox 1459 2515 1631 2569; x_wconf 88' lang='lat' dir='ltr'><strong>sanctissimus</strong></span> <span class='ocrx_word' id='word_1_690' title='bbox 1642 2521 1767 2586; x_wconf 70' lang='lat' dir='ltr'><strong>pontifex,</strong></span> 
     </span>
     <span class='ocr_line' id='line_1_101' title="bbox 989 2580 1771 2654; baseline 0.01 -21"><span class='ocrx_word' id='word_1_691' title='bbox 989 2585 1013 2633; x_wconf 88' lang='lat' dir='ltr'><strong>et</strong></span> <span class='ocrx_word' id='word_1_692' title='bbox 1028 2594 1185 2632; x_wconf 84' lang='lat' dir='ltr'><strong>commonens</strong></span> <span class='ocrx_word' id='word_1_693' title='bbox 1210 2580 1402 2650; x_wconf 64' lang='lat' dir='ltr'><strong>Langobardos,</strong></span> <span class='ocrx_word' id='word_1_694' title='bbox 1419 2591 1445 2634; x_wconf 91' lang='lat' dir='ltr'><strong>ut</strong></span> <span class='ocrx_word' id='word_1_695' title='bbox 1457 2585 1600 2650; x_wconf 84' lang='lat' dir='ltr'><strong>redderent,</strong></span> <span class='ocrx_word' id='word_1_696' title='bbox 1615 2587 1660 2654; x_wconf 80' lang='lat' dir='ltr'><strong>nui</strong></span> <span class='ocrx_word' id='word_1_697' title='bbox 1684 2588 1706 2640; x_wconf 88' lang='lat' dir='ltr'><strong>si</strong></span> <span class='ocrx_word' id='word_1_698' title='bbox 1720 2604 1771 2642; x_wconf 90' lang='lat' dir='ltr'><strong>nan</strong></span> 
     </span>
     <span class='ocr_line' id='line_1_102' title="bbox 990 2649 1777 2727; baseline 0.014 -28"><span class='ocrx_word' id='word_1_699' title='bbox 990 2649 1183 2715; x_wconf 71' lang='lat' dir='ltr'><strong>acquiescerent,</strong></span> <span class='ocrx_word' id='word_1_700' title='bbox 1193 2650 1218 2702; x_wconf 92' lang='lat' dir='ltr'><strong>in</strong></span> <span class='ocrx_word' id='word_1_701' title='bbox 1232 2649 1296 2702; x_wconf 90' lang='lat' dir='ltr'><strong>iram</strong></span> <span class='ocrx_word' id='word_1_702' title='bbox 1303 2667 1328 2704; x_wconf 90' lang='lat' dir='ltr'><strong>se</strong></span> <span class='ocrx_word' id='word_1_703' title='bbox 1338 2651 1567 2710; x_wconf 82' lang='lat' dir='ltr'><strong>diuinamincidere</strong></span> <span class='ocrx_word' id='word_1_704' title='bbox 1574 2657 1686 2723; x_wconf 85' lang='lat' dir='ltr'><strong>pradela</strong></span> <span class='ocrx_word' id='word_1_705' title='bbox 1695 2673 1777 2727; x_wconf 65' lang='lat' dir='ltr'><strong>quens,</strong></span> 
     </span>
     <span class='ocr_line' id='line_1_103' title="bbox 992 2719 1779 2790; baseline 0.014 -20"><span class='ocrx_word' id='word_1_706' title='bbox 992 2719 1102 2785; x_wconf 76' lang='lat' dir='ltr'><strong>secernant</strong></span> <span class='ocrx_word' id='word_1_707' title='bbox 1113 2719 1165 2778; x_wconf 88' lang='lat' dir='ltr'><strong>suis</strong></span> <span class='ocrx_word' id='word_1_708' title='bbox 1179 2719 1279 2786; x_wconf 90' lang='lat' dir='ltr'><strong>scriptis</strong></span> <span class='ocrx_word' id='word_1_709' title='bbox 1300 2721 1482 2788; x_wconf 83' lang='lat' dir='ltr'><strong>detestabatur,</strong></span> <span class='ocrx_word' id='word_1_710' title='bbox 1509 2737 1567 2775; x_wconf 90' lang='lat' dir='ltr'><strong>narn</strong></span> <span class='ocrx_word' id='word_1_711' title='bbox 1581 2737 1604 2783; x_wconf 84' lang='lat' dir='ltr'><strong>er</strong></span> <span class='ocrx_word' id='word_1_712' title='bbox 1619 2741 1722 2779; x_wconf 89' lang='lat' dir='ltr'><strong>munera</strong></span> <span class='ocrx_word' id='word_1_713' title='bbox 1734 2729 1779 2790; x_wconf 63' lang='lat' dir='ltr'><strong>eis,</strong></span> 
     </span>
     <span class='ocr_line' id='line_1_104' title="bbox 990 2788 1768 2862; baseline 0.013 -23"><span class='ocrx_word' id='word_1_714' title='bbox 990 2788 1054 2841; x_wconf 85' lang='lat' dir='ltr'><strong>dare</strong></span> <span class='ocrx_word' id='word_1_715' title='bbox 1065 2799 1092 2848; x_wconf 85' lang='grc' dir='ltr'><strong>ιι</strong></span> <span class='ocrx_word' id='word_1_716' title='bbox 1102 2789 1256 2841; x_wconf 84' lang='lat' dir='ltr'><strong>restituerent</strong></span> <span class='ocrx_word' id='word_1_717' title='bbox 1266 2789 1345 2842; x_wconf 86' lang='lat' dir='ltr'><strong>uoluit</strong></span> <span class='ocrx_word' id='word_1_718' title='bbox 1353 2789 1443 2843; x_wconf 88' lang='lat' dir='ltr'><strong>multa.</strong></span> <span class='ocrx_word' id='word_1_719' title='bbox 1451 2791 1503 2846; x_wconf 87' lang='lat' dir='ltr'><strong>Sed</strong></span> <span class='ocrx_word' id='word_1_720' title='bbox 1514 2794 1552 2846; x_wconf 93' lang='lat' dir='ltr'><strong>illi</strong></span> <span class='ocrx_word' id='word_1_721' title='bbox 1562 2794 1664 2862; x_wconf 78' lang='lat' dir='ltr'><strong>turpida</strong></span> <span class='ocrx_word' id='word_1_722' title='bbox 1677 2807 1768 2861; x_wconf 89' lang='lat' dir='ltr'><strong>mente,</strong></span> 
     </span>
     <span class='ocr_line' id='line_1_105' title="bbox 992 2857 1776 2929; baseline 0.01 -21"><span class='ocrx_word' id='word_1_723' title='bbox 992 2871 1070 2925; x_wconf 84' lang='lat' dir='ltr'><strong>nepae</strong></span> <span class='ocrx_word' id='word_1_724' title='bbox 1084 2857 1183 2917; x_wconf 87' lang='lat' dir='ltr'><strong>rrranitis</strong></span> <span class='ocrx_word' id='word_1_725' title='bbox 1196 2858 1294 2917; x_wconf 82' lang='lat' dir='ltr'><strong>audire.</strong></span> <span class='ocrx_word' id='word_1_726' title='bbox 1308 2861 1464 2915; x_wconf 84' lang='lat' dir='ltr'><strong>necrerlderc</strong></span> <span class='ocrx_word' id='word_1_727' title='bbox 1477 2871 1536 2914; x_wconf 88' lang='lat' dir='ltr'><strong>sant</strong></span> <span class='ocrx_word' id='word_1_728' title='bbox 1548 2864 1627 2929; x_wconf 89' lang='lat' dir='ltr'><strong>passi.</strong></span> <span class='ocrx_word' id='word_1_729' title='bbox 1642 2861 1714 2916; x_wconf 85' lang='lat' dir='ltr'><strong>ilnde</strong></span> <span class='ocrx_word' id='word_1_730' title='bbox 1727 2857 1776 2916; x_wconf 54' lang='lat' dir='ltr'><strong>ni?</strong></span> 
     </span>
     <span class='ocr_line' id='line_1_106' title="bbox 992 2927 1770 3002; baseline 0.01 -24"><span class='ocrx_word' id='word_1_731' title='bbox 992 2927 1040 2979; x_wconf 87' lang='lat' dir='ltr'><strong>mis</strong></span> <span class='ocrx_word' id='word_1_732' title='bbox 1054 2928 1119 2980; x_wconf 87' lang='lat' dir='ltr'><strong>idern</strong></span> <span class='ocrx_word' id='word_1_733' title='bbox 1134 2938 1236 2986; x_wconf 87' lang='lat' dir='ltr'><strong>sanctus</strong></span> <span class='ocrx_word' id='word_1_734' title='bbox 1250 2927 1360 2981; x_wconf 89' lang='lat' dir='ltr'><strong>indoluit</strong></span> <span class='ocrx_word' id='word_1_735' title='bbox 1374 2929 1495 2999; x_wconf 69' lang='lat' dir='ltr'><strong>pontifex,</strong></span> <span class='ocrx_word' id='word_1_736' title='bbox 1506 2947 1607 3000; x_wconf 80' lang='lat' dir='ltr'><strong>seseque</strong></span> <span class='ocrx_word' id='word_1_737' title='bbox 1619 2933 1672 3002; x_wconf 87' lang='lat' dir='ltr'><strong>spei</strong></span> <span class='ocrx_word' id='word_1_738' title='bbox 1682 2943 1770 2986; x_wconf 87' lang='lat' dir='ltr'><strong>corrru-</strong></span> 
     </span>
     <span class='ocr_line' id='line_1_107' title="bbox 992 2995 1769 3067; baseline 0.012 -20"><span class='ocrx_word' id='word_1_739' title='bbox 992 2995 1135 3061; x_wconf 71' lang='lat' dir='ltr'><strong>tutamina,</strong></span> <span class='ocrx_word' id='word_1_740' title='bbox 1154 2998 1268 3067; x_wconf 85' lang='lat' dir='ltr'><strong>atqner&#39;n</strong></span> <span class='ocrx_word' id='word_1_741' title='bbox 1296 2999 1434 3060; x_wconf 80' lang='lat' dir='ltr'><strong>nrunitiane</strong></span> <span class='ocrx_word' id='word_1_742' title='bbox 1460 2999 1532 3064; x_wconf 83' lang='lat' dir='ltr'><strong>ducis</strong></span> <span class='ocrx_word' id='word_1_743' title='bbox 1562 3001 1726 3067; x_wconf 85' lang='lat' dir='ltr'><strong>Neapolitani</strong></span> <span class='ocrx_word' id='word_1_744' title='bbox 1739 3012 1769 3067; x_wconf 86' lang='lat' dir='ltr'><strong>et¹</strong></span> 
     </span>
     <span class='ocr_line' id='line_1_108' title="bbox 993 3066 1772 3143; baseline 0.013 -26"><span class='ocrx_word' id='word_1_745' title='bbox 993 3067 1082 3136; x_wconf 85' lang='lat' dir='ltr'><strong>poprrll</strong></span> <span class='ocrx_word' id='word_1_746' title='bbox 1097 3081 1199 3131; x_wconf 89' lang='lat' dir='ltr'><strong>uocans,</strong></span> <span class='ocrx_word' id='word_1_747' title='bbox 1214 3066 1334 3120; x_wconf 86' lang='lat' dir='ltr'><strong>ducatum</strong></span> <span class='ocrx_word' id='word_1_748' title='bbox 1357 3070 1381 3121; x_wconf 88' lang='lat' dir='ltr'><strong>ei</strong></span> <span class='ocrx_word' id='word_1_749' title='bbox 1404 3068 1514 3139; x_wconf 84' lang='lat' dir='ltr'><strong>qualiter</strong></span> <span class='ocrx_word' id='word_1_750' title='bbox 1538 3081 1639 3140; x_wconf 79' lang='lat' dir='ltr'><strong>sperent</strong></span> <span class='ocrx_word' id='word_1_751' title='bbox 1662 3073 1772 3143; x_wconf 77' lang='lat' dir='ltr'><strong>quotidie</strong></span> 
     </span>
    </p>
   </div>
   <div class='ocr_carea' id='block_1_14' title="bbox 954 3134 1771 3208">
    <p class='ocr_par' dir='ltr' id='par_1_20' title="bbox 954 3134 1771 3208">
     <span class='ocr_line' id='line_1_109' title="bbox 954 3134 1771 3208; baseline 0.007 -20"><span class='ocrx_word' id='word_1_752' title='bbox 954 3138 978 3203; x_wconf 77' lang='lat' dir='ltr'><strong>c</strong></span> <span class='ocrx_word' id='word_1_753' title='bbox 993 3135 1124 3189; x_wconf 84' lang='lat' dir='ltr'><strong>scribendo</strong></span> <span class='ocrx_word' id='word_1_754' title='bbox 1138 3134 1529 3208; x_wconf 81' lang='lat' dir='ltr'><strong>praesentabat.Cujusrrtaadato</strong></span> <span class='ocrx_word' id='word_1_755' title='bbox 1541 3141 1693 3208; x_wconf 76' lang='lat' dir='ltr'><strong>obedientes,</strong></span> <span class='ocrx_word' id='word_1_756' title='bbox 1710 3157 1771 3194; x_wconf 88' lang='lat' dir='ltr'><strong>can·</strong></span> 
     </span>
    </p>
   </div>
   <div class='ocr_carea' id='block_1_15' title="bbox 984 3205 1784 5791">
    <p class='ocr_par' dir='ltr' id='par_1_21' title="bbox 984 3205 1784 5634">
     <span class='ocr_line' id='line_1_110' title="bbox 994 3205 1776 3274; baseline 0.009 -17"><span class='ocrx_word' id='word_1_757' title='bbox 994 3205 1052 3258; x_wconf 88' lang='lat' dir='ltr'><strong>ailiu</strong></span> <span class='ocrx_word' id='word_1_758' title='bbox 1076 3206 1158 3271; x_wconf 88' lang='lat' dir='ltr'><strong>inito,</strong></span> <span class='ocrx_word' id='word_1_759' title='bbox 1174 3208 1265 3259; x_wconf 87' lang='lat' dir='ltr'><strong>nroenia</strong></span> <span class='ocrx_word' id='word_1_760' title='bbox 1279 3207 1360 3274; x_wconf 89' lang='lat' dir='ltr'><strong>ipsius</strong></span> <span class='ocrx_word' id='word_1_761' title='bbox 1375 3209 1452 3261; x_wconf 82' lang='lat' dir='ltr'><strong>castri</strong></span> <span class='ocrx_word' id='word_1_762' title='bbox 1474 3210 1565 3262; x_wconf 81' lang='lat' dir='ltr'><strong>cirtam</strong></span> <span class='ocrx_word' id='word_1_763' title='bbox 1577 3212 1622 3264; x_wconf 89' lang='lat' dir='ltr'><strong>snb</strong></span> <span class='ocrx_word' id='word_1_764' title='bbox 1648 3222 1776 3272; x_wconf 78' lang='lat' dir='ltr'><strong>rrocturno¹</strong></span> 
     </span>
     <span class='ocr_line' id='line_1_111' title="bbox 993 3274 1773 3345; baseline 0.012 -19"><span class='ocrx_word' id='word_1_765' title='bbox 993 3274 1098 3345; x_wconf 82' lang='lat' dir='ltr'><strong>inpressi</strong></span> <span class='ocrx_word' id='word_1_766' title='bbox 1111 3286 1170 3328; x_wconf 89' lang='lat' dir='ltr'><strong>sunt</strong></span> <span class='ocrx_word' id='word_1_767' title='bbox 1180 3275 1291 3330; x_wconf 86' lang='lat' dir='ltr'><strong>silentio.</strong></span> <span class='ocrx_word' id='word_1_768' title='bbox 1303 3274 1416 3331; x_wconf 77' lang='lat' dir='ltr'><strong>ioannes</strong></span> <span class='ocrx_word' id='word_1_769' title='bbox 1429 3279 1583 3334; x_wconf 82' lang='lat' dir='ltr'><strong>scilicetdua</strong></span> <span class='ocrx_word' id='word_1_770' title='bbox 1593 3296 1649 3332; x_wconf 87' lang='lat' dir='ltr'><strong>cum</strong></span> <span class='ocrx_word' id='word_1_771' title='bbox 1664 3280 1773 3335; x_wconf 80' lang='lat' dir='ltr'><strong>ereadi·</strong></span> 
     </span>
     <span class='ocr_line' id='line_1_112' title="bbox 993 3347 1772 3420; baseline 0.012 -24"><span class='ocrx_word' id='word_1_772' title='bbox 993 3359 1034 3397; x_wconf 88' lang='lat' dir='ltr'><strong>nro</strong></span> <span class='ocrx_word' id='word_1_773' title='bbox 1047 3347 1202 3398; x_wconf 82' lang='lat' dir='ltr'><strong>subdiacone</strong></span> <span class='ocrx_word' id='word_1_774' title='bbox 1218 3386 1225 3409; x_wconf 97' lang='lat'><strong>,</strong></span> <span class='ocrx_word' id='word_1_775' title='bbox 1249 3354 1273 3399; x_wconf 88' lang='lat' dir='ltr'><strong>et</strong></span> <span class='ocrx_word' id='word_1_776' title='bbox 1288 3356 1393 3412; x_wconf 84' lang='lat' dir='ltr'><strong>rectore,</strong></span> <span class='ocrx_word' id='word_1_777' title='bbox 1408 3356 1483 3416; x_wconf 79' lang='lat' dir='ltr'><strong>atque</strong></span> <span class='ocrx_word' id='word_1_778' title='bbox 1497 3351 1617 3410; x_wconf 73' lang='lat' dir='ltr'><strong>exercitu,</strong></span> <span class='ocrx_word' id='word_1_779' title='bbox 1634 3360 1657 3403; x_wconf 87' lang='lat' dir='ltr'><strong>er</strong></span> <span class='ocrx_word' id='word_1_780' title='bbox 1670 3349 1772 3420; x_wconf 64' lang='lat' dir='ltr'><strong>lionpo·</strong></span> 
     </span>
     <span class='ocr_line' id='line_1_113' title="bbox 994 3412 1772 3487; baseline 0.012 -22"><span class='ocrx_word' id='word_1_781' title='bbox 994 3412 1085 3468; x_wconf 86' lang='lat' dir='ltr'><strong>bardos</strong></span> <span class='ocrx_word' id='word_1_782' title='bbox 1099 3431 1163 3485; x_wconf 84' lang='lat' dir='ltr'><strong>pene</strong></span> <span class='ocrx_word' id='word_1_783' title='bbox 1174 3422 1293 3469; x_wconf 85' lang='lat' dir='ltr'><strong>trecentos</strong></span> <span class='ocrx_word' id='word_1_784' title='bbox 1309 3432 1367 3469; x_wconf 89' lang='lat' dir='ltr'><strong>cum</strong></span> <span class='ocrx_word' id='word_1_785' title='bbox 1380 3419 1466 3470; x_wconf 82' lang='lat' dir='ltr'><strong>earnm</strong></span> <span class='ocrx_word' id='word_1_786' title='bbox 1492 3416 1653 3476; x_wconf 84' lang='lat' dir='ltr'><strong>Cartaldione</strong></span> <span class='ocrx_word' id='word_1_787' title='bbox 1667 3420 1772 3487; x_wconf 73' lang='lat' dir='ltr'><strong>interle-</strong></span> 
     </span>
     <span class='ocr_line' id='line_1_114' title="bbox 993 3485 1770 3553; baseline 0.012 -18"><span class='ocrx_word' id='word_1_788' title='bbox 993 3495 1089 3548; x_wconf 87' lang='lat' dir='ltr'><strong>cersmt,</strong></span> <span class='ocrx_word' id='word_1_789' title='bbox 1103 3486 1172 3538; x_wconf 88' lang='lat' dir='ltr'><strong>uiuos</strong></span> <span class='ocrx_word' id='word_1_790' title='bbox 1185 3485 1258 3538; x_wconf 87' lang='lat' dir='ltr'><strong>eiiam</strong></span> <span class='ocrx_word' id='word_1_791' title='bbox 1271 3486 1380 3550; x_wconf 89' lang='lat' dir='ltr'><strong>amplius</strong></span> <span class='ocrx_word' id='word_1_792' title='bbox 1394 3488 1453 3551; x_wconf 84' lang='lat' dir='ltr'><strong>auin</strong></span> <span class='ocrx_word' id='word_1_793' title='bbox 1473 3497 1544 3540; x_wconf 81' lang='lat' dir='ltr'><strong>errius</strong></span> <span class='ocrx_word' id='word_1_794' title='bbox 1555 3488 1770 3553; x_wconf 77' lang='lat' dir='ltr'><strong>carrrprelrrnden·</strong></span> 
     </span>
     <span class='ocr_line' id='line_1_115' title="bbox 993 3505 1772 3625; baseline 0.008 -19"><span class='ocrx_word' id='word_1_795' title='bbox 993 3563 1028 3608; x_wconf 89' lang='lat' dir='ltr'><strong>tes</strong></span> <span class='ocrx_word' id='word_1_796' title='bbox 1042 3566 1128 3623; x_wconf 86' lang='lat' dir='ltr'><strong>captes</strong></span> <span class='ocrx_word' id='word_1_797' title='bbox 1143 3553 1279 3622; x_wconf 86' lang='lat' dir='ltr'><strong>Neapolim</strong></span> <span class='ocrx_word' id='word_1_798' title='bbox 1302 3558 1440 3608; x_wconf 76' lang='lat' dir='ltr'><strong>doemunt.</strong></span> <span class='ocrx_word' id='word_1_799' title='bbox 1456 3505 1501 3609; x_wconf 55' lang='lat' dir='ltr'><strong>{a</strong></span> <span class='ocrx_word' id='word_1_800' title='bbox 1528 3568 1639 3610; x_wconf 82' lang='lat' dir='ltr'><strong>castrum</strong></span> <span class='ocrx_word' id='word_1_801' title='bbox 1660 3559 1772 3625; x_wconf 80' lang='lat' dir='ltr'><strong>recipere</strong></span> 
     </span>
     <span class='ocr_line' id='line_1_116' title="bbox 992 3622 1767 3696; baseline 0.005 -20"><span class='ocrx_word' id='word_1_802' title='bbox 992 3632 1137 3693; x_wconf 83' lang='lat' dir='ltr'><strong>potueruut.</strong></span> <span class='ocrx_word' id='word_1_803' title='bbox 1152 3622 1205 3678; x_wconf 89' lang='lat' dir='ltr'><strong>Pro</strong></span> <span class='ocrx_word' id='word_1_804' title='bbox 1219 3626 1296 3694; x_wconf 73' lang='lat' dir='ltr'><strong>cajus</strong></span> <span class='ocrx_word' id='word_1_805' title='bbox 1306 3624 1476 3695; x_wconf 85' lang='lat' dir='ltr'><strong>redemptione</strong></span> <span class='ocrx_word' id='word_1_806' title='bbox 1496 3627 1655 3696; x_wconf 76' lang='lat' dir='ltr'><strong>scptuupiuta</strong></span> <span class='ocrx_word' id='word_1_807' title='bbox 1668 3629 1726 3680; x_wconf 85' lang='lat' dir='ltr'><strong>artri</strong></span> <span class='ocrx_word' id='word_1_808' title='bbox 1739 3628 1767 3680; x_wconf 88' lang='lat' dir='ltr'><strong>li·</strong></span> 
     </span>
     <span class='ocr_line' id='line_1_117' title="bbox 992 3694 1770 3762; baseline 0.005 -17"><span class='ocrx_word' id='word_1_809' title='bbox 992 3694 1111 3761; x_wconf 83' lang='lat' dir='ltr'><strong>lrasipse</strong></span> <span class='ocrx_word' id='word_1_810' title='bbox 1120 3696 1295 3748; x_wconf 86' lang='lat' dir='ltr'><strong>sanctissimus</strong></span> <span class='ocrx_word' id='word_1_811' title='bbox 1308 3710 1384 3762; x_wconf 90' lang='lat' dir='ltr'><strong>papa,</strong></span> <span class='ocrx_word' id='word_1_812' title='bbox 1400 3695 1622 3762; x_wconf 87' lang='lat' dir='ltr'><strong>sirutpremiserat</strong></span> <span class='ocrx_word' id='word_1_813' title='bbox 1631 3699 1770 3760; x_wconf 86' lang='lat' dir='ltr'><strong>antea,de·</strong></span> 
     </span>
     <span class='ocr_line' id='line_1_118' title="bbox 991 3762 1769 3834; baseline 0.012 -20"><span class='ocrx_word' id='word_1_814' title='bbox 991 3763 1038 3816; x_wconf 90' lang='lat' dir='ltr'><strong>dit.</strong></span> <span class='ocrx_word' id='word_1_815' title='bbox 1052 3762 1091 3818; x_wconf 72' lang='lat' dir='ltr'><strong>[r</strong></span> <span class='ocrx_word' id='word_1_816' title='bbox 1105 3767 1154 3818; x_wconf 90' lang='lat' dir='ltr'><strong>troc</strong></span> <span class='ocrx_word' id='word_1_817' title='bbox 1165 3763 1328 3834; x_wconf 83' lang='lat' dir='ltr'><strong>testimonio,</strong></span> <span class='ocrx_word' id='word_1_818' title='bbox 1339 3763 1408 3830; x_wconf 81' lang='lat' dir='ltr'><strong>uuod</strong></span> <span class='ocrx_word' id='word_1_819' title='bbox 1420 3766 1490 3817; x_wconf 88' lang='lat' dir='ltr'><strong>rnirri</strong></span> <span class='ocrx_word' id='word_1_820' title='bbox 1500 3766 1629 3833; x_wconf 80' lang='lat' dir='ltr'><strong>integrum</strong></span> <span class='ocrx_word' id='word_1_821' title='bbox 1640 3765 1769 3831; x_wconf 85' lang='lat' dir='ltr'><strong>prolerre,</strong></span> 
     </span>
     <span class='ocr_line' id='line_1_119' title="bbox 991 3833 1776 3902; baseline 0.006 -17"><span class='ocrx_word' id='word_1_822' title='bbox 991 3833 1063 3889; x_wconf 83' lang='lat' dir='ltr'><strong>clare</strong></span> <span class='ocrx_word' id='word_1_823' title='bbox 1077 3833 1216 3892; x_wconf 89' lang='lat' dir='ltr'><strong>deducitur</strong></span> <span class='ocrx_word' id='word_1_824' title='bbox 1227 3848 1274 3902; x_wconf 89' lang='lat' dir='ltr'><strong>per</strong></span> <span class='ocrx_word' id='word_1_825' title='bbox 1285 3848 1315 3886; x_wconf 90' lang='lat' dir='ltr'><strong>ea</strong></span> <span class='ocrx_word' id='word_1_826' title='bbox 1331 3842 1448 3899; x_wconf 74' lang='lat' dir='ltr'><strong>temrrnra</strong></span> <span class='ocrx_word' id='word_1_827' title='bbox 1469 3835 1613 3889; x_wconf 85' lang='lat' dir='ltr'><strong>itmnanam</strong></span> <span class='ocrx_word' id='word_1_828' title='bbox 1625 3837 1776 3902; x_wconf 72' lang='lat' dir='ltr'><strong>bieciesiarn</strong></span> 
     </span>
     <span class='ocr_line' id='line_1_120' title="bbox 991 3903 1765 3976; baseline 0.003 -19"><span class='ocrx_word' id='word_1_829' title='bbox 991 3903 1141 3970; x_wconf 85' lang='lat' dir='ltr'><strong>pessedisse</strong></span> <span class='ocrx_word' id='word_1_830' title='bbox 1151 3906 1211 3970; x_wconf 84' lang='lat' dir='ltr'><strong>jure</strong></span> <span class='ocrx_word' id='word_1_831' title='bbox 1225 3904 1422 3958; x_wconf 84' lang='lat' dir='ltr'><strong>incentrarerso</strong></span> <span class='ocrx_word' id='word_1_832' title='bbox 1436 3915 1531 3969; x_wconf 82' lang='lat' dir='ltr'><strong>terras,</strong></span> <span class='ocrx_word' id='word_1_833' title='bbox 1555 3915 1582 3959; x_wconf 90' lang='lat' dir='ltr'><strong>et</strong></span> <span class='ocrx_word' id='word_1_834' title='bbox 1603 3917 1708 3976; x_wconf 76' lang='lat' dir='ltr'><strong>rastra,</strong></span> <span class='ocrx_word' id='word_1_835' title='bbox 1731 3906 1765 3959; x_wconf 91' lang='lat' dir='ltr'><strong>ad</strong></span> 
     </span>
     <span class='ocr_line' id='line_1_121' title="bbox 991 3973 1770 4042; baseline 0.005 -18"><span class='ocrx_word' id='word_1_836' title='bbox 991 3986 1049 4042; x_wconf 81' lang='lat' dir='ltr'><strong>quse</strong></span> <span class='ocrx_word' id='word_1_837' title='bbox 1060 3973 1208 4037; x_wconf 86' lang='lat' dir='ltr'><strong>retinenda,</strong></span> <span class='ocrx_word' id='word_1_838' title='bbox 1219 3982 1266 4027; x_wconf 89' lang='lat' dir='ltr'><strong>ant</strong></span> <span class='ocrx_word' id='word_1_839' title='bbox 1278 3974 1374 4028; x_wconf 82' lang='lat' dir='ltr'><strong>:unisse</strong></span> <span class='ocrx_word' id='word_1_840' title='bbox 1388 3975 1566 4039; x_wconf 87' lang='lat' dir='ltr'><strong>recuperanda</strong></span> <span class='ocrx_word' id='word_1_841' title='bbox 1583 4015 1589 4038; x_wconf 90' lang='lat'><strong>,</strong></span> <span class='ocrx_word' id='word_1_842' title='bbox 1607 3977 1704 4027; x_wconf 75' lang='lat' dir='ltr'><strong>nullutn</strong></span> <span class='ocrx_word' id='word_1_843' title='bbox 1717 3991 1770 4028; x_wconf 89' lang='lat' dir='ltr'><strong>nort</strong></span> 
     </span>
     <span class='ocr_line' id='line_1_122' title="bbox 991 4042 1772 4111; baseline 0.008 -19"><span class='ocrx_word' id='word_1_844' title='bbox 991 4056 1099 4108; x_wconf 82' lang='lat' dir='ltr'><strong>eperunt</strong></span> <span class='ocrx_word' id='word_1_845' title='bbox 1115 4042 1394 4108; x_wconf 87' lang='lat' dir='ltr'><strong>impenderuntsancti</strong></span> <span class='ocrx_word' id='word_1_846' title='bbox 1409 4044 1565 4106; x_wconf 77' lang='lat' dir='ltr'><strong>parturires,</strong></span> <span class='ocrx_word' id='word_1_847' title='bbox 1579 4046 1699 4111; x_wconf 89' lang='lat' dir='ltr'><strong>precibus</strong></span> <span class='ocrx_word' id='word_1_848' title='bbox 1714 4060 1772 4098; x_wconf 91' lang='lat' dir='ltr'><strong>ruo·</strong></span> 
     </span>
     <span class='ocr_line' id='line_1_123' title="bbox 990 4108 1769 4181; baseline 0.006 -19"><span class='ocrx_word' id='word_1_849' title='bbox 990 4108 1114 4175; x_wconf 88' lang='lat' dir='ltr'><strong>dousi,et</strong></span> <span class='ocrx_word' id='word_1_850' title='bbox 1126 4110 1215 4172; x_wconf 87' lang='lat' dir='ltr'><strong>ruistis,</strong></span> <span class='ocrx_word' id='word_1_851' title='bbox 1229 4111 1479 4165; x_wconf 78' lang='lat' dir='ltr'><strong>modoetiamarnris</strong></span> <span class='ocrx_word' id='word_1_852' title='bbox 1492 4121 1518 4164; x_wconf 91' lang='lat' dir='ltr'><strong>et</strong></span> <span class='ocrx_word' id='word_1_853' title='bbox 1533 4115 1652 4179; x_wconf 84' lang='lat' dir='ltr'><strong>pecunia.</strong></span> <span class='ocrx_word' id='word_1_854' title='bbox 1664 4112 1769 4181; x_wconf 83' lang='lat' dir='ltr'><strong>Vidisti,</strong></span> 
     </span>
     <span class='ocr_line' id='line_1_124' title="bbox 990 4179 1770 4249; baseline 0.006 -17"><span class='ocrx_word' id='word_1_855' title='bbox 990 4181 1078 4246; x_wconf 88' lang='lat' dir='ltr'><strong>lectar,</strong></span> <span class='ocrx_word' id='word_1_856' title='bbox 1087 4179 1594 4233; x_wconf 72' lang='lat' dir='ltr'><strong>iracnnrmeutariuminsrruitbaronias</strong></span> <span class='ocrx_word' id='word_1_857' title='bbox 1605 4197 1687 4249; x_wconf 90' lang='lat' dir='ltr'><strong>snper</strong></span> <span class='ocrx_word' id='word_1_858' title='bbox 1702 4188 1770 4237; x_wconf 88' lang='lat' dir='ltr'><strong>reei-</strong></span> 
     </span>
     <span class='ocr_line' id='line_1_125' title="bbox 991 4248 1773 4319; baseline 0.001 -18"><span class='ocrx_word' id='word_1_859' title='bbox 991 4256 1045 4301; x_wconf 86' lang='lat' dir='ltr'><strong>tstn</strong></span> <span class='ocrx_word' id='word_1_860' title='bbox 1055 4258 1127 4303; x_wconf 84' lang='lat' dir='ltr'><strong>testu</strong></span> <span class='ocrx_word' id='word_1_861' title='bbox 1142 4248 1272 4306; x_wconf 83' lang='lat' dir='ltr'><strong>Anastasii</strong></span> <span class='ocrx_word' id='word_1_862' title='bbox 1282 4288 1290 4313; x_wconf 92' lang='lat'><strong>,</strong></span> <span class='ocrx_word' id='word_1_863' title='bbox 1302 4259 1416 4301; x_wconf 87' lang='lat' dir='ltr'><strong>sanctum</strong></span> <span class='ocrx_word' id='word_1_864' title='bbox 1425 4250 1567 4315; x_wconf 69' lang='lat' dir='ltr'><strong>perdicem</strong></span> <span class='ocrx_word' id='word_1_865' title='bbox 1581 4265 1652 4319; x_wconf 82' lang='lat' dir='ltr'><strong>reque</strong></span> <span class='ocrx_word' id='word_1_866' title='bbox 1666 4267 1696 4304; x_wconf 90' lang='lat' dir='ltr'><strong>ac</strong></span> <span class='ocrx_word' id='word_1_867' title='bbox 1707 4250 1773 4306; x_wconf 70' lang='lat' dir='ltr'><strong>Gre-</strong></span> 
     </span>
     <span class='ocr_line' id='line_1_126' title="bbox 990 4318 1771 4389; baseline 0.005 -19"><span class='ocrx_word' id='word_1_868' title='bbox 990 4319 1089 4387; x_wconf 78' lang='lat' dir='ltr'><strong>porium</strong></span> <span class='ocrx_word' id='word_1_869' title='bbox 1102 4318 1228 4381; x_wconf 86' lang='lat' dir='ltr'><strong>Primum,</strong></span> <span class='ocrx_word' id='word_1_870' title='bbox 1241 4318 1267 4370; x_wconf 89' lang='lat' dir='ltr'><strong>in</strong></span> <span class='ocrx_word' id='word_1_871' title='bbox 1280 4333 1408 4380; x_wconf 75' lang='lat' dir='ltr'><strong>restiterunt</strong></span> <span class='ocrx_word' id='word_1_872' title='bbox 1422 4329 1564 4371; x_wconf 85' lang='lat' dir='ltr'><strong>sanctarum</strong></span> <span class='ocrx_word' id='word_1_873' title='bbox 1577 4325 1771 4389; x_wconf 65' lang='lat' dir='ltr'><strong>receptuimpe-</strong></span> 
     </span>
     <span class='ocr_line' id='line_1_127' title="bbox 991 4387 1769 4457; baseline 0.005 -17"><span class='ocrx_word' id='word_1_874' title='bbox 991 4403 1025 4440; x_wconf 81' lang='grc' dir='ltr'><strong>ιιι</strong></span> <span class='ocrx_word' id='word_1_875' title='bbox 1036 4389 1204 4442; x_wconf 84' lang='lat' dir='ltr'><strong>ecclesiastica</strong></span> <span class='ocrx_word' id='word_1_876' title='bbox 1214 4387 1245 4440; x_wconf 82' lang='lat' dir='ltr'><strong>ab</strong></span> <span class='ocrx_word' id='word_1_877' title='bbox 1259 4387 1368 4441; x_wconf 78' lang='lat' dir='ltr'><strong>hostibus</strong></span> <span class='ocrx_word' id='word_1_878' title='bbox 1380 4389 1466 4440; x_wconf 81' lang='lat' dir='ltr'><strong>irruam</strong></span> <span class='ocrx_word' id='word_1_879' title='bbox 1474 4389 1769 4457; x_wconf 86' lang='lat' dir='ltr'><strong>minimeconterrrpsisse,</strong></span> 
     </span>
     <span class='ocr_line' id='line_1_128' title="bbox 994 4457 1766 4527; baseline 0.004 -18"><span class='ocrx_word' id='word_1_880' title='bbox 994 4458 1032 4511; x_wconf 89' lang='lat' dir='ltr'><strong>uel</strong></span> <span class='ocrx_word' id='word_1_881' title='bbox 1046 4473 1194 4526; x_wconf 80' lang='lat' dir='ltr'><strong>recuperare</strong></span> <span class='ocrx_word' id='word_1_882' title='bbox 1206 4457 1317 4519; x_wconf 85' lang='lat' dir='ltr'><strong>desiisse,</strong></span> <span class='ocrx_word' id='word_1_883' title='bbox 1332 4457 1511 4524; x_wconf 81' lang='lat' dir='ltr'><strong>quaritumiilret</strong></span> <span class='ocrx_word' id='word_1_884' title='bbox 1527 4459 1688 4527; x_wconf 87' lang='lat' dir='ltr'><strong>impossibilia</strong></span> <span class='ocrx_word' id='word_1_885' title='bbox 1703 4477 1766 4525; x_wconf 86' lang='lat' dir='ltr'><strong>psa·</strong></span> 
     </span>
     <span class='ocr_line' id='line_1_129' title="bbox 993 4526 1770 4596; baseline 0.004 -17"><span class='ocrx_word' id='word_1_886' title='bbox 993 4528 1127 4594; x_wconf 86' lang='lat' dir='ltr'><strong>pemsdum</strong></span> <span class='ocrx_word' id='word_1_887' title='bbox 1140 4526 1264 4580; x_wconf 85' lang='lat' dir='ltr'><strong>uideretur</strong></span> <span class='ocrx_word' id='word_1_888' title='bbox 1275 4526 1329 4591; x_wconf 80' lang='lat' dir='ltr'><strong>ejrrs</strong></span> <span class='ocrx_word' id='word_1_889' title='bbox 1343 4528 1498 4596; x_wconf 79' lang='lat' dir='ltr'><strong>eaprrpnatia</strong></span> <span class='ocrx_word' id='word_1_890' title='bbox 1512 4527 1572 4590; x_wconf 84' lang='lat' dir='ltr'><strong>loci,</strong></span> <span class='ocrx_word' id='word_1_891' title='bbox 1584 4529 1628 4580; x_wconf 76' lang='lat' dir='ltr'><strong>scd</strong></span> <span class='ocrx_word' id='word_1_892' title='bbox 1642 4529 1709 4594; x_wconf 76' lang='lat' dir='ltr'><strong>quad</strong></span> <span class='ocrx_word' id='word_1_893' title='bbox 1721 4531 1770 4582; x_wconf 88' lang='lat' dir='ltr'><strong>mi·</strong></span> 
     </span>
     <span class='ocr_line' id='line_1_130' title="bbox 992 4593 1766 4665; baseline 0.006 -18"><span class='ocrx_word' id='word_1_894' title='bbox 992 4611 1040 4648; x_wconf 89' lang='lat' dir='ltr'><strong>nus</strong></span> <span class='ocrx_word' id='word_1_895' title='bbox 1053 4607 1134 4663; x_wconf 85' lang='lat' dir='ltr'><strong>posset</strong></span> <span class='ocrx_word' id='word_1_896' title='bbox 1147 4596 1210 4659; x_wconf 90' lang='lat' dir='ltr'><strong>suis,</strong></span> <span class='ocrx_word' id='word_1_897' title='bbox 1227 4593 1255 4647; x_wconf 91' lang='lat' dir='ltr'><strong>id</strong></span> <span class='ocrx_word' id='word_1_898' title='bbox 1268 4596 1358 4648; x_wconf 88' lang='lat' dir='ltr'><strong>alienis</strong></span> <span class='ocrx_word' id='word_1_899' title='bbox 1385 4598 1461 4648; x_wconf 87' lang='lat' dir='ltr'><strong>aruns</strong></span> <span class='ocrx_word' id='word_1_900' title='bbox 1475 4597 1586 4661; x_wconf 85' lang='lat' dir='ltr'><strong>recipere</strong></span> <span class='ocrx_word' id='word_1_901' title='bbox 1607 4613 1766 4665; x_wconf 84' lang='lat' dir='ltr'><strong>procurasse,</strong></span> 
     </span>
     <span class='ocr_line' id='line_1_131' title="bbox 991 4665 1771 4737; baseline 0.005 -19"><span class='ocrx_word' id='word_1_902' title='bbox 991 4666 1108 4734; x_wconf 78' lang='lat' dir='ltr'><strong>omnique</strong></span> <span class='ocrx_word' id='word_1_903' title='bbox 1124 4665 1208 4719; x_wconf 89' lang='lat' dir='ltr'><strong>stadio</strong></span> <span class='ocrx_word' id='word_1_904' title='bbox 1224 4676 1313 4731; x_wconf 78' lang='lat' dir='ltr'><strong>praesta</strong></span> <span class='ocrx_word' id='word_1_905' title='bbox 1338 4666 1415 4733; x_wconf 78' lang='lat' dir='ltr'><strong>[uisse</strong></span> <span class='ocrx_word' id='word_1_906' title='bbox 1440 4667 1556 4733; x_wconf 80' lang='lat' dir='ltr'><strong>contritio,</strong></span> <span class='ocrx_word' id='word_1_907' title='bbox 1579 4683 1635 4736; x_wconf 83' lang='lat' dir='ltr'><strong>ope.</strong></span> <span class='ocrx_word' id='word_1_908' title='bbox 1664 4685 1771 4737; x_wconf 79' lang='lat' dir='ltr'><strong>pecuina</strong></span> 
     </span>
     <span class='ocr_line' id='line_1_132' title="bbox 989 4733 1772 4806; baseline 0.01 -21"><span class='ocrx_word' id='word_1_909' title='bbox 989 4733 1137 4804; x_wconf 82' lang='lat' dir='ltr'><strong>adjuvisse,</strong></span> <span class='ocrx_word' id='word_1_910' title='bbox 1158 4734 1305 4788; x_wconf 88' lang='lat' dir='ltr'><strong>subdiaconi</strong></span> <span class='ocrx_word' id='word_1_911' title='bbox 1316 4739 1393 4788; x_wconf 86' lang='lat' dir='ltr'><strong>etiam</strong></span> <span class='ocrx_word' id='word_1_912' title='bbox 1415 4733 1535 4790; x_wconf 75' lang='lat' dir='ltr'><strong>Ecclesia</strong></span> <span class='ocrx_word' id='word_1_913' title='bbox 1559 4737 1681 4801; x_wconf 86' lang='lat' dir='ltr'><strong>lianramc</strong></span> <span class='ocrx_word' id='word_1_914' title='bbox 1695 4757 1772 4806; x_wconf 83' lang='lat' dir='ltr'><strong>opera</strong></span> 
     </span>
     <span class='ocr_line' id='line_1_133' title="bbox 990 4803 1772 4877; baseline 0.009 -22"><span class='ocrx_word' id='word_1_915' title='bbox 990 4820 1063 4856; x_wconf 84' lang='lat' dir='ltr'><strong>asum</strong></span> <span class='ocrx_word' id='word_1_916' title='bbox 1075 4819 1139 4860; x_wconf 86' lang='lat' dir='ltr'><strong>esse.</strong></span> <span class='ocrx_word' id='word_1_917' title='bbox 1166 4803 1219 4859; x_wconf 83' lang='lat' dir='ltr'><strong>Sed</strong></span> <span class='ocrx_word' id='word_1_918' title='bbox 1233 4803 1334 4858; x_wconf 85' lang='lat' dir='ltr'><strong>observa</strong></span> <span class='ocrx_word' id='word_1_919' title='bbox 1349 4806 1525 4874; x_wconf 85' lang='lat' dir='ltr'><strong>ordinemque</strong></span> <span class='ocrx_word' id='word_1_920' title='bbox 1540 4808 1675 4877; x_wconf 81' lang='lat' dir='ltr'><strong>processis,</strong></span> <span class='ocrx_word' id='word_1_921' title='bbox 1694 4810 1772 4862; x_wconf 84' lang='lat' dir='ltr'><strong>nimi·</strong></span> 
     </span>
     <span class='ocr_line' id='line_1_134' title="bbox 988 4874 1771 4948; baseline 0.013 -24"><span class='ocrx_word' id='word_1_922' title='bbox 988 4886 1046 4927; x_wconf 81' lang='lat' dir='ltr'><strong>rem</strong></span> <span class='ocrx_word' id='word_1_923' title='bbox 1057 4882 1084 4927; x_wconf 90' lang='lat' dir='ltr'><strong>ut</strong></span> <span class='ocrx_word' id='word_1_924' title='bbox 1102 4874 1210 4942; x_wconf 87' lang='lat' dir='ltr'><strong>primam</strong></span> <span class='ocrx_word' id='word_1_925' title='bbox 1217 4876 1329 4944; x_wconf 85' lang='lat' dir='ltr'><strong>paternis</strong></span> <span class='ocrx_word' id='word_1_926' title='bbox 1339 4876 1515 4929; x_wconf 88' lang='lat' dir='ltr'><strong>monitionibus</strong></span> <span class='ocrx_word' id='word_1_927' title='bbox 1527 4893 1579 4930; x_wconf 81' lang='lat' dir='ltr'><strong>rent</strong></span> <span class='ocrx_word' id='word_1_928' title='bbox 1586 4893 1633 4948; x_wconf 80' lang='lat' dir='ltr'><strong>ape</strong></span> <span class='ocrx_word' id='word_1_929' title='bbox 1647 4889 1683 4943; x_wconf 85' lang='lat' dir='ltr'><strong>et,·</strong></span> <span class='ocrx_word' id='word_1_930' title='bbox 1699 4881 1771 4933; x_wconf 89' lang='lat' dir='ltr'><strong>dein·</strong></span> 
     </span>
     <span class='ocr_line' id='line_1_135' title="bbox 987 4945 1769 5014; baseline 0.009 -20"><span class='ocrx_word' id='word_1_931' title='bbox 987 4945 1019 4998; x_wconf 85' lang='lat' dir='ltr'><strong>dr</strong></span> <span class='ocrx_word' id='word_1_932' title='bbox 1029 4954 1056 4997; x_wconf 88' lang='grc' dir='ltr'><strong>ιι</strong></span> <span class='ocrx_word' id='word_1_933' title='bbox 1070 4953 1253 5014; x_wconf 86' lang='lat' dir='ltr'><strong>eorrtemptures</strong></span> <span class='ocrx_word' id='word_1_934' title='bbox 1280 4946 1453 4997; x_wconf 82' lang='lat' dir='ltr'><strong>ecclesiasticis</strong></span> <span class='ocrx_word' id='word_1_935' title='bbox 1466 4949 1580 5000; x_wconf 74' lang='lat' dir='ltr'><strong>certioris</strong></span> <span class='ocrx_word' id='word_1_936' title='bbox 1608 4959 1744 5003; x_wconf 73' lang='lat' dir='ltr'><strong>exterreret</strong></span> <span class='ocrx_word' id='word_1_937' title='bbox 1760 4968 1769 5011; x_wconf 93' lang='lat'><strong>,·</strong></span> 
     </span>
     <span class='ocr_line' id='line_1_136' title="bbox 987 5013 1771 5085; baseline 0.009 -22"><span class='ocrx_word' id='word_1_938' title='bbox 987 5015 1089 5064; x_wconf 89' lang='lat' dir='ltr'><strong>demum</strong></span> <span class='ocrx_word' id='word_1_939' title='bbox 1104 5028 1161 5066; x_wconf 87' lang='lat' dir='ltr'><strong>uero</strong></span> <span class='ocrx_word' id='word_1_940' title='bbox 1176 5023 1202 5064; x_wconf 92' lang='lat' dir='ltr'><strong>ut</strong></span> <span class='ocrx_word' id='word_1_941' title='bbox 1216 5013 1241 5065; x_wconf 90' lang='lat' dir='ltr'><strong>irr</strong></span> <span class='ocrx_word' id='word_1_942' title='bbox 1256 5027 1297 5065; x_wconf 89' lang='lat' dir='ltr'><strong>eas</strong></span> <span class='ocrx_word' id='word_1_943' title='bbox 1309 5016 1362 5066; x_wconf 87' lang='lat' dir='ltr'><strong>lrasc</strong></span> <span class='ocrx_word' id='word_1_944' title='bbox 1377 5017 1462 5066; x_wconf 88' lang='lat' dir='ltr'><strong>onrtria</strong></span> <span class='ocrx_word' id='word_1_945' title='bbox 1486 5027 1670 5072; x_wconf 79' lang='lat' dir='ltr'><strong>contemnentes</strong></span> <span class='ocrx_word' id='word_1_946' title='bbox 1684 5030 1771 5085; x_wconf 82' lang='lat' dir='ltr'><strong>operer</strong></span> 
     </span>
     <span class='ocr_line' id='line_1_137' title="bbox 986 5082 1770 5152; baseline 0.011 -21"><span class='ocrx_word' id='word_1_947' title='bbox 986 5082 1075 5147; x_wconf 88' lang='lat' dir='ltr'><strong>arrrris,</strong></span> <span class='ocrx_word' id='word_1_948' title='bbox 1088 5083 1172 5151; x_wconf 81' lang='lat' dir='ltr'><strong>eispue</strong></span> <span class='ocrx_word' id='word_1_949' title='bbox 1185 5093 1293 5135; x_wconf 88' lang='lat' dir='ltr'><strong>castrum</strong></span> <span class='ocrx_word' id='word_1_950' title='bbox 1308 5088 1505 5152; x_wconf 79' lang='lat' dir='ltr'><strong>ecpuprmmlam</strong></span> <span class='ocrx_word' id='word_1_951' title='bbox 1516 5096 1626 5140; x_wconf 66' lang='lat' dir='ltr'><strong>curreret.</strong></span> <span class='ocrx_word' id='word_1_952' title='bbox 1642 5085 1687 5139; x_wconf 80' lang='lat' dir='ltr'><strong>sic</strong></span> <span class='ocrx_word' id='word_1_953' title='bbox 1702 5087 1770 5140; x_wconf 83' lang='lat' dir='ltr'><strong>Deus</strong></span> 
     </span>
     <span class='ocr_line' id='line_1_138' title="bbox 987 5151 1770 5224; baseline 0.009 -22"><span class='ocrx_word' id='word_1_954' title='bbox 987 5158 1149 5205; x_wconf 83' lang='lat' dir='ltr'><strong>seminatam</strong></span> <span class='ocrx_word' id='word_1_955' title='bbox 1171 5151 1276 5224; x_wconf 74' lang='lat' dir='ltr'><strong>appredi</strong></span> <span class='ocrx_word' id='word_1_956' title='bbox 1290 5152 1368 5214; x_wconf 84' lang='lat' dir='ltr'><strong>soluit</strong></span> <span class='ocrx_word' id='word_1_957' title='bbox 1395 5154 1574 5223; x_wconf 77' lang='lat' dir='ltr'><strong>pontificenret</strong></span> <span class='ocrx_word' id='word_1_958' title='bbox 1601 5156 1725 5221; x_wconf 88' lang='lat' dir='ltr'><strong>doctrina,</strong></span> <span class='ocrx_word' id='word_1_959' title='bbox 1747 5168 1770 5209; x_wconf 83' lang='lat' dir='ltr'><strong>et</strong></span> 
     </span>
     <span class='ocr_line' id='line_1_139' title="bbox 986 5222 1768 5294; baseline 0.005 -21"><span class='ocrx_word' id='word_1_960' title='bbox 986 5223 1118 5280; x_wconf 86' lang='lat' dir='ltr'><strong>sanctitate</strong></span> <span class='ocrx_word' id='word_1_961' title='bbox 1126 5222 1369 5293; x_wconf 73' lang='lat' dir='ltr'><strong>irrsipirenr,ejuse,rse</strong></span> <span class='ocrx_word' id='word_1_962' title='bbox 1377 5236 1465 5294; x_wconf 83' lang='lat' dir='ltr'><strong>erernp</strong></span> <span class='ocrx_word' id='word_1_963' title='bbox 1477 5227 1589 5287; x_wconf 84' lang='lat' dir='ltr'><strong>usanciri</strong></span> <span class='ocrx_word' id='word_1_964' title='bbox 1596 5225 1768 5294; x_wconf 85' lang='lat' dir='ltr'><strong>disciplinam,</strong></span> 
     </span>
     <span class='ocr_line' id='line_1_140' title="bbox 985 5293 1769 5358; baseline 0.008 -15"><span class='ocrx_word' id='word_1_965' title='bbox 985 5305 1037 5358; x_wconf 77' lang='lat' dir='ltr'><strong>aaa</strong></span> <span class='ocrx_word' id='word_1_966' title='bbox 1046 5306 1202 5347; x_wconf 86' lang='lat' dir='ltr'><strong>successores</strong></span> <span class='ocrx_word' id='word_1_967' title='bbox 1214 5294 1307 5345; x_wconf 74' lang='lat' dir='ltr'><strong>eruditi</strong></span> <span class='ocrx_word' id='word_1_968' title='bbox 1318 5293 1404 5345; x_wconf 84' lang='lat' dir='ltr'><strong>ablata</strong></span> <span class='ocrx_word' id='word_1_969' title='bbox 1413 5294 1478 5346; x_wconf 80' lang='lat' dir='ltr'><strong>berra</strong></span> <span class='ocrx_word' id='word_1_970' title='bbox 1491 5293 1658 5358; x_wconf 81' lang='lat' dir='ltr'><strong>ecclesiastica</strong></span> <span class='ocrx_word' id='word_1_971' title='bbox 1672 5297 1703 5347; x_wconf 86' lang='lat' dir='ltr'><strong>ab</strong></span> <span class='ocrx_word' id='word_1_972' title='bbox 1719 5297 1769 5350; x_wconf 88' lang='lat' dir='ltr'><strong>irri-</strong></span> 
     </span>
     <span class='ocr_line' id='line_1_141' title="bbox 986 5362 1768 5432; baseline 0.01 -19"><span class='ocrx_word' id='word_1_973' title='bbox 986 5362 1043 5426; x_wconf 82' lang='lat' dir='ltr'><strong>auis</strong></span> <span class='ocrx_word' id='word_1_974' title='bbox 1055 5363 1241 5428; x_wconf 81' lang='lat' dir='ltr'><strong>possessoribus</strong></span> <span class='ocrx_word' id='word_1_975' title='bbox 1251 5364 1418 5428; x_wconf 85' lang='lat' dir='ltr'><strong>rirrdirareur,</strong></span> <span class='ocrx_word' id='word_1_976' title='bbox 1439 5365 1538 5417; x_wconf 87' lang='lat' dir='ltr'><strong>etiantsi</strong></span> <span class='ocrx_word' id='word_1_977' title='bbox 1550 5379 1613 5432; x_wconf 86' lang='lat' dir='ltr'><strong>epus</strong></span> <span class='ocrx_word' id='word_1_978' title='bbox 1627 5365 1660 5417; x_wconf 87' lang='lat' dir='ltr'><strong>sit</strong></span> <span class='ocrx_word' id='word_1_979' title='bbox 1678 5366 1768 5431; x_wconf 89' lang='lat' dir='ltr'><strong>armis,</strong></span> 
     </span>
     <span class='ocr_line' id='line_1_142' title="bbox 986 5431 1784 5494; baseline 0.013 -10"><span class='ocrx_word' id='word_1_980' title='bbox 986 5431 1110 5485; x_wconf 80' lang='lat' dir='ltr'><strong>sicaetera</strong></span> <span class='ocrx_word' id='word_1_981' title='bbox 1129 5435 1240 5487; x_wconf 85' lang='lat' dir='ltr'><strong>rcnrsdia</strong></span> <span class='ocrx_word' id='word_1_982' title='bbox 1265 5441 1467 5488; x_wconf 81' lang='lat' dir='ltr'><strong>contemnamur.</strong></span> <span class='ocrx_word' id='word_1_983' title='bbox 1484 5434 1535 5488; x_wconf 86' lang='lat' dir='ltr'><strong>Sed</strong></span> <span class='ocrx_word' id='word_1_984' title='bbox 1558 5438 1593 5487; x_wconf 90' lang='lat' dir='ltr'><strong>de</strong></span> <span class='ocrx_word' id='word_1_985' title='bbox 1612 5433 1662 5487; x_wconf 88' lang='lat' dir='ltr'><strong>irae</strong></span> <span class='ocrx_word' id='word_1_986' title='bbox 1674 5452 1703 5489; x_wconf 91' lang='lat' dir='ltr'><strong>re</strong></span> <span class='ocrx_word' id='word_1_987' title='bbox 1731 5435 1784 5494; x_wconf 89' lang='lat' dir='ltr'><strong>lu·.</strong></span> 
     </span>
     <span class='ocr_line' id='line_1_143' title="bbox 985 5501 1768 5571; baseline 0.009 -17"><span class='ocrx_word' id='word_1_988' title='bbox 985 5501 1042 5556; x_wconf 89' lang='lat' dir='ltr'><strong>sius</strong></span> <span class='ocrx_word' id='word_1_989' title='bbox 1064 5510 1091 5555; x_wconf 88' lang='lat' dir='ltr'><strong>et</strong></span> <span class='ocrx_word' id='word_1_990' title='bbox 1101 5503 1275 5571; x_wconf 91' lang='lat' dir='ltr'><strong>opportunius</strong></span> <span class='ocrx_word' id='word_1_991' title='bbox 1289 5517 1349 5557; x_wconf 88' lang='lat' dir='ltr'><strong>euru</strong></span> <span class='ocrx_word' id='word_1_992' title='bbox 1363 5503 1524 5567; x_wconf 68' lang='lat' dir='ltr'><strong>dendriarre</strong></span> <span class='ocrx_word' id='word_1_993' title='bbox 1539 5504 1547 5559; x_wconf 94' lang='lat' dir='ltr'><strong>l</strong></span> <span class='ocrx_word' id='word_1_994' title='bbox 1564 5519 1653 5559; x_wconf 92' lang='lat' dir='ltr'><strong>serruo</strong></span> <span class='ocrx_word' id='word_1_995' title='bbox 1675 5519 1768 5561; x_wconf 88' lang='lat' dir='ltr'><strong>eccur·</strong></span> 
     </span>
     <span class='ocr_line' id='line_1_144' title="bbox 984 5571 1192 5634; baseline 0.019 -12"><span class='ocrx_word' id='word_1_996' title='bbox 984 5580 1036 5634; x_wconf 85' lang='lat' dir='ltr'><strong>ret.</strong></span> <span class='ocrx_word' id='word_1_997' title='bbox 1053 5571 1192 5628; x_wconf 81' lang='lat' dir='ltr'><strong>batesses.</strong></span> 
     </span>
    </p>

    <p class='ocr_par' dir='ltr' id='par_1_22' title="bbox 985 5641 1770 5791">
     <span class='ocr_line' id='line_1_145' title="bbox 1020 5641 1769 5711; baseline 0.011 -18"><span class='ocrx_word' id='word_1_998' title='bbox 1020 5641 1165 5702; x_wconf 80' lang='lat' dir='ltr'><strong>Aripsrtss.</strong></span> <span class='ocrx_word' id='word_1_999' title='bbox 1182 5645 1242 5698; x_wconf 77' lang='lat' dir='ltr'><strong>lirae</strong></span> <span class='ocrx_word' id='word_1_1000' title='bbox 1257 5644 1413 5702; x_wconf 76' lang='lat' dir='ltr'><strong>Anasmsius</strong></span> <span class='ocrx_word' id='word_1_1001' title='bbox 1425 5657 1457 5698; x_wconf 82' lang='lat' dir='ltr'><strong>aa</strong></span> <span class='ocrx_word' id='word_1_1002' title='bbox 1469 5642 1551 5700; x_wconf 84' lang='lat' dir='ltr'><strong>Patrio</strong></span> <span class='ocrx_word' id='word_1_1003' title='bbox 1567 5645 1640 5701; x_wconf 83' lang='lat' dir='ltr'><strong>iliae.</strong></span> <span class='ocrx_word' id='word_1_1004' title='bbox 1652 5685 1660 5707; x_wconf 86' lang='lat'><strong>.</strong></span> <span class='ocrx_word' id='word_1_1005' title='bbox 1674 5644 1720 5700; x_wconf 87' lang='lat' dir='ltr'><strong>lib.</strong></span> <span class='ocrx_word' id='word_1_1006' title='bbox 1731 5659 1769 5711; x_wconf 85' lang='lat' dir='ltr'><strong>rr,</strong></span> 
     </span>
     <span class='ocr_line' id='line_1_146' title="bbox 985 5704 1770 5791; baseline 0.008 -23"><span class='ocrx_word' id='word_1_1007' title='bbox 985 5713 1055 5786; x_wconf 59' lang='lat' dir='ltr'><strong>esi„</strong></span> <span class='ocrx_word' id='word_1_1008' title='bbox 1067 5704 1114 5782; x_wconf 60' lang='grc' dir='ltr'>ξι,</span> <span class='ocrx_word' id='word_1_1009' title='bbox 1131 5713 1271 5787; x_wconf 83' lang='lat' dir='ltr'><strong>descripsit</strong></span> <span class='ocrx_word' id='word_1_1010' title='bbox 1285 5732 1291 5766; x_wconf 76' lang='grc' dir='ltr'><strong>ι</strong></span> <span class='ocrx_word' id='word_1_1011' title='bbox 1309 5711 1366 5769; x_wconf 83' lang='lat' dir='ltr'><strong>iloc</strong></span> <span class='ocrx_word' id='word_1_1012' title='bbox 1380 5722 1489 5791; x_wconf 84' lang='lat' dir='ltr'><strong>ternpore</strong></span> <span class='ocrx_word' id='word_1_1013' title='bbox 1500 5712 1634 5786; x_wconf 73' lang='lat' dir='ltr'><strong>apperiri</strong></span> <span class='ocrx_word' id='word_1_1014' title='bbox 1646 5731 1690 5771; x_wconf 82' lang='lat' dir='ltr'><strong>rea</strong></span> <span class='ocrx_word' id='word_1_1015' title='bbox 1704 5713 1770 5781; x_wconf 74' lang='lat' dir='ltr'><strong>Lem</strong></span> 
     </span>
    </p>
   </div>
   <div class='ocr_carea' id='block_1_16' title="bbox 0 0 1929 6114">
    <p class='ocr_par' dir='ltr' id='par_1_23' title="bbox 0 0 1929 6114">
     <span class='ocr_line' id='line_1_147' title="bbox 0 0 1929 6114; baseline 0 0"><span class='ocrx_word' id='word_1_1016' title='bbox 0 0 1929 6114; x_wconf 95' lang='lat' dir='ltr'><strong> </strong></span> 
     </span>
    </p>
   </div>
  </div>
 </body>
</html>
