3832 6114
140 279 208 336 tos:
755 278 896 338 necuim
914 277 1174 337 canonicandis.
1635 313 1641 324 ·
1689 285 1759 345 tiss

140 407 314 460 normamque
328 393 368 450 eis
383 392 507 461 instituit,
522 393 631 464 qualiter
642 394 670 448 in
686 393 800 450 Ecclesia
814 395 925 451 militare
938 398 964 460 Α
976 395 1096 464 quiescit:
1112 403 1136 449 et
1152 394 1218 448 beati
1233 393 1358 462 ilaiorit,
1389 396 1440 449 uad
1451 396 1477 450 in
1494 396 1628 455 llilttriaoo
1639 412 1765 456 moneste-

138 460 254 518 dcderent
269 478 279 517 .·
292 464 383 533 quihus
396 478 512 518 annonas
522 465 626 530 nitarque
641 464 753 518 subsidio
766 465 924 536 sufficienter
976 468 1015 519 ria
1029 465 1158 519 conditum
1170 474 1225 528 est,·
1240 473 1263 518 et
1276 464 1343 518 beati
1386 467 1477 532 usarii,
1488 467 1557 543 quod
1576 472 1643 520 ultra
1657 471 1766 537 pluuium

137 533 246 605 larqitut
259 545 307 599 ert,
324 544 349 586 ut
364 533 484 601 perituris
496 549 586 589 cacare
606 535 714 604 nepotiia
736 551 786 589 nan
807 535 924 605 indigen·
977 532 1096 588 illrertum
1111 534 1138 588 irt
1149 534 1302 588 monasteria
1313 534 1381 602 quod
1393 545 1496 588 uocatur
1512 534 1666 602 borishaint,
1682 541 1767 607 tedlfi-

137 612 183 665 let,
203 603 296 658 diuinis
314 603 475 658 solummodo
490 604 583 671 officiis
602 608 763 661 eccuharent.
787 603 925 674 ipturnqtte
976 615 1034 657 outa
1047 604 1074 657 in
1089 604 1212 657 honorent
1223 606 1305 674 ipsius
1316 606 1437 675 mnrtqrr't
1456 606 1516 657 miri
1533 606 1631 659 decoris
1650 609 1765 675 basilice,

136 675 232 729 sinum
245 673 407 727 abundanter
422 674 476 742 lege
499 674 596 736 diuino,
613 674 778 743 Romanaque
801 675 925 729 imbutum
976 675 1118 728 collocarit.
1138 672 1195 728 lloc
1211 675 1335 746 siquidem
1346 677 1471 743 predium
1483 674 1674 731 chilliswindis
1684 694 1766 745 quan·

134 742 283 808 cantilena,
306 759 401 798 morem
422 755 497 812 atque
518 744 632 798 ordinem
657 743 780 799 llomuntn
805 743 925 799 nectente
975 744 1036 798 dam
1056 743 1176 814 reliqioso
1199 743 1315 812 sentina,
1337 756 1360 799 et
1384 743 1482 800 Cancro
1505 746 1559 814 ejut
1583 744 1663 809 iilius,
1684 747 1767 800 eidem

135 828 237 868 amotae
248 815 377 883 praemit.
394 812 468 876 Quod
484 815 608 878 usquead
623 815 650 866 id
664 822 762 880 tempus
775 816 802 869 iu
816 813 926 870 ltetemt'
975 814 1159 885 Chrodegnnqo
1174 815 1285 867 antistiti
1305 816 1340 867 ad
1356 825 1452 880 portem
1467 816 1532 867 beati
1544 815 1669 883 Stephani
1686 819 1768 870 trodi-

136 883 253 938 licclesia
264 883 360 951 [actum
373 883 477 937 minime
489 884 548 951 fuit.
564 882 616 936 llic
634 884 760 950 [timeare
769 885 860 955 jussit,
874 898 926 938 una
975 883 1079 938 derant.
1103 881 1166 938 Fuit
1184 884 1311 952 siqnidem
1335 885 1422 938 beatus
1447 886 1493 937 itte
1511 887 1550 936 nir
1563 887 1589 937 in
1601 885 1766 955 eleemosynis

135 968 195 1007 eunt
216 952 345 1025 adjutoria
370 953 420 1022 Pip
442 954 474 1006 'ni
497 954 575 1035 repit,
596 956 682 1008 sedem
704 957 786 1009 saneti
801 953 926 1023 Stepltarti
976 952 1073 1025 larque,
1088 954 1115 1006 in
1127 954 1253 1010 charitate
1263 955 1426 1017 purhtimus,
1439 965 1570 1021 susceptor
1582 955 1710 1020 hospitunt
1725 965 1766 1009 at·

136 1023 342 1091 protomartyris,
358 1032 382 1078 et
396 1041 412 1076 a
424 1031 479 1077 tare
487 1023 569 1091 ipatus
576 1032 656 1093 utqtte
669 1024 806 1091 caracellae,
822 1022 926 1095 presdq·
975 1039 1025 1092 que
1037 1024 1239 1092 pereprinorrtm.
1256 1022 1310 1078 Sed
1322 1024 1442 1094 quoniam
1455 1023 1498 1078 lon
1517 1041 1559 1078 um
1572 1033 1609 1078 est
1629 1026 1694 1078 hona
1708 1040 1766 1088 qttte

136 1094 240 1155 terium,
263 1107 387 1160 arcusque
409 1108 454 1163 per
468 1108 570 1162 qqrurrt.
594 1093 721 1149 Similiter
740 1096 803 1148 etin
818 1094 924 1147 ecelesia
976 1093 1054 1216 quasit
1067 1108 1099 1147 cu
1114 1094 1202 1148 ordine
1225 1102 1346 1156 reteserc,
1362 1095 1423 1148 tatis
1445 1096 1478 1146 sit
1500 1041 1556 1148 iter
1576 1108 1657 1164 purten
1675 1094 1769 1161 pruli-

137 1162 203 1216 heati
218 1161 288 1217 Petri
300 1167 397 1236 mnjme
410 1165 593 1234 presbyterium
606 1164 663 1232 fieri
671 1166 758 1233 jussit.
775 1163 926 1219 Constrinxit
992 1176 1049 1217 uest
1062 1166 1093 1216 de
1108 1162 1236 1231 plurimis.
1252 1162 1303 1216 llic
1316 1164 1474 1218 consecrauit
1486 1165 1620 1230 episcopor
1631 1165 1768 1232 qunamit-

135 1234 214 1287 stiam
237 1232 369 1289 umbonem
389 1249 455 1288 aura
469 1243 624 1306 argentoque
635 1233 791 1298 decarmum,
805 1242 828 1287 et
848 1248 926 1288 arcus
976 1234 1055 1286 rimas
1068 1249 1113 1299 per
1126 1233 1240 1289 diuersas
1249 1234 1375 1299 ciuitates,
1389 1235 1546 1303 prethgttras
1561 1231 1727 1286 nihilominus
1739 1251 1769 1286 uc

136 1318 183 1370 per
196 1318 287 1373 pyrum
299 1303 384 1357 throni
393 1304 542 1375 anteiptum
555 1304 647 1359 altore.
656 1303 806 1373 AEdipicaoit
817 1315 925 1374 praeter-
976 1302 1109 1365 diacanos,
1124 1315 1278 1372 ceterosque
1290 1303 1474 1357 ecclesiasticos
1484 1303 1596 1368 ordines,
1612 1304 1676 1357 sicut
1691 1305 1769 1355 rnoris

135 1386 167 1425 eu
186 1374 367 1427 monasterium
388 1374 417 1427 in
440 1373 562 1442 parochia
584 1370 651 1428 h'eati
666 1373 792 1442 Stephani
812 1375 838 1427 in
860 1390 925 1442 paqo
976 1382 1013 1427 est
1029 1371 1152 1425 Romane
1168 1371 1300 1434 Ecchsitu,
1322 1374 1349 1426 in
1364 1373 1456 1443 dirius,
1473 1371 1644 1428 Sahhutorum
1666 1382 1767 1441 quaten

135 1439 283 1496 llotelletrsi
302 1443 437 1498 inhonore
450 1444 587 1498 beatissimi
602 1443 674 1497 Petri
687 1444 807 1509 apostoli,
820 1452 843 1496 et
858 1445 925 1497 dito·
977 1443 1015 1495 nis
1029 1443 1183 1509 temporibus
1197 1444 1269 1498 anni.
1286 1442 1362 1498 licuit
1377 1441 1519 1496 Ecclesium
1535 1441 1673 1496 dictantem
1692 1445 1769 1494 annis

135 1511 171 1565 ait
184 1511 251 1565 illud
266 1513 355 1580 opibus
380 1515 493 1583 muqnis,
517 1514 704 1583 monachosque
726 1515 761 1568 ihi
783 1515 924 1576 constituit,
977 1513 1066 1582 niqitrti
1080 1513 1173 1575 trihus.
1186 1515 1314 1567 mentitur
1325 1515 1448 1584 quinque.
1464 1513 1550 1566 diebus
1563 1516 1683 1582 quinque.
1700 1512 1769 1565 (ii-it

136 1588 213 1646 atque
223 1581 269 1634 suh
287 1585 377 1653 requlu
390 1584 471 1638 tancti
493 1581 580 1638 Patria
594 1583 725 1638 Benedicti
738 1586 766 1637 in
777 1599 829 1636 uno
840 1583 925 1636 chari·
977 1581 1061 1651 pridie
1071 1598 1150 1635 nonas
1166 1580 1275 1637 hiurlitts
1295 1584 1322 1636 in
1337 1581 1424 1637 diebus
1439 1581 1546 1652 Pippini
1559 1584 1636 1652 repis.
1659 1579 1770 1650 llequic·

137 1654 345 1723 totecanjunca't.
360 1650 510 1707 Constrinxit
529 1653 606 1707 etiam
620 1654 729 1708 alueum
743 1653 925 1706 monasterium
977 1650 1024 1705 scit
1047 1652 1075 1705 in
1097 1648 1192 1705 Carrio
1212 1653 1374 1719 monasteria,
1390 1653 1458 1722 quod
1478 1654 1532 1722 ipre
1552 1667 1568 1705 tt
1594 1650 1769 1722 fondamentis

136 1718 311 1791 quodGortin
334 1726 469 1787 vocitatur,
493 1723 537 1776 ubi
557 1724 614 1789 pari
636 1725 716 1777 niodo
736 1738 787 1776 nort
800 1721 926 1776 modicam
977 1722 1098 1776 retrusit.
1453 1756 1456 1763 ·

136 1791 326 1846 multitudinem
339 1792 463 1846 ttdttnuuit
475 1793 671 1846 monachornm.
689 1792 805 1860 disperiit
817 1793 926 1861 denique
1017 1792 1075 1848 llue
1093 1804 1176 1860 usque
1191 1791 1289 1847 Paulus
1303 1791 1446 1857 ciaconus,
1471 1791 1632 1859 Fragmenta
1650 1791 1684 1844 de
1707 1790 1765 1858 epi-

137 1858 260 1915 tPaula
286 1862 402 1918 Romano
425 1861 546 1930 pontifice
573 1862 623 1916 triu
644 1877 752 1933 corporo
776 1871 927 1931 sartetoruru
981 1862 1070 1929 scopis
1093 1861 1218 1915 lietensis
1244 1862 1379 1924 Ecclesia,
1406 1860 1477 1915 Hirr.
1495 1859 1591 1914 Frons.
1614 1861 1768 1931 scriptorum

138 1939 289 2002 ntartgrum,
308 1931 398 2000 idest,
420 1931 485 1987 beati
497 1931 633 2005 Corpenii,
648 1933 717 2000 quod
739 1930 767 1986 in
779 1929 873 1986 Carrio
886 1946 927 1985 re·
982 1932 1090 1985 Andrum
1101 1928 1245 1998 duchesne,
1259 1940 1321 1984 tona.
1335 1929 1379 1996 ll,
1395 1946 1454 2001 paq.
1469 1929 1532 1986 sot.

436 2180 774 2325 starum
811 2176 1476 2294 CEBODEGANGI

792 2388 948 2442 nsnsnsts
966 2386 1109 2441 bristout

416 2533 791 2662 REGULA
831 2529 1490 2662 CANONICORUM

662 2755 832 2803 SECUNDUM
854 2754 1006 2799 nannents
1029 2755 1260 2801 nncnnstonnnt.

138 2069 161 2100 k

798 2862 1085 2880 μ

816 2936 1092 3019 PRAEFATIO.

177 3142 355 3216 Temporibus
370 3136 483 3214 piissimi
497 3152 528 3196 ac
540 3133 708 3196 serenissimi
718 3132 825 3207 ntpptm
842 3132 968 3198 (lbra-c
987 3149 1036 3192 nes
1056 3132 1111 3189 sint
1136 3137 1276 3194 unanimes
1298 3136 1397 3196 atheiis
1422 3140 1533 3209 diuinis,
1548 3142 1771 3222 lectionibusque

136 3228 279 3313 'dogangus
297 3251 392 3293 sertus
405 3248 544 3292 serrorum
568 3232 628 3299 liei,
642 3228 769 3289 blerensis
784 3226 858 3285 urbis
871 3226 929 3299 cpi·
977 3225 1070 3301 ,sacris
1092 3224 1203 3299 asddui,
1216 3241 1298 3300 atque
1321 3231 1354 3287 ad
1380 3231 1560 3291 obedientiam
1574 3238 1694 3311 episcopi
1717 3243 1770 3311 sui,

143 3321 252 3401 ttcopna.¹
988 3310 1189 3383 praepositique,
1213 3323 1243 3369 nt
1259 3315 1326 3372 ordo
1349 3321 1493 3376 canonicus
1518 3321 1649 3392 deposcit,
1673 3328 1770 3400 parati,

181 3419 210 3477 Si
239 3424 419 3476 trecentorum
441 3414 535 3471 decem
562 3419 590 3469 el
612 3419 692 3480 octo,
715 3409 934 3480 reliquorumque
985 3402 1400 3471 ebaritateconneti‚zelobono
1423 3410 1772 3485 icruentissimoqueamore

146 3523 301 3570 mmmm
312 3509 421 3566 pamm
434 3520 566 3563 „nonum
577 3503 724 3561 ,⁰020qu
734 3500 861 3559 pnqqqagg
873 3516 934 3571 pgr.
985 3491 1133 3564 comitanti,
1147 3507 1162 3548 a
1175 3493 1277 3562 litibus,
1293 3497 1335 3552 rel
1350 3499 1498 3567 scandalis,
1512 3516 1559 3556 seu
1570 3505 1649 3583 odiis,
1663 3508 1772 3565 tornati.

144 3606 264 3668 duraret,
279 3611 306 3659 et
317 3602 458 3672 episcopus
477 3608 557 3668 atque
576 3597 665 3652 clerus
677 3593 824 3651 secundum
839 3607 934 3650 eorum
979 3580 1081 3641 'Pastor
1094 3599 1188 3641 eorum
1203 3587 1316 3659 quilibet
1328 3587 1419 3659 luerit,
1441 3607 1494 3647 non
1506 3582 1593 3649 solum
1608 3594 1643 3652 de
1657 3598 1774 3654 carnall-

145 3694 311 3752 rectitudinis
326 3676 448 3746 normam
461 3686 596 3754 viverent,
612 3682 778 3756 superfluum
797 3684 934 3742 rideretur
977 3674 1051 3747 'itm
1075 3678 1124 3735 Sed
1147 3679 1227 3736 etiam
1242 3681 1276 3737 ds
1297 3681 1464 3753 spiritalibus
1485 3701 1575 3743 corant
1591 3699 1677 3761 gerat,
1702 3692 1770 3749 etin

145 3785 254 3842 ,nobis
268 3781 373 3854 ὠμῇ,
389 3778 559 3848 „qnqmqsqgg
572 3792 654 3847 supe,-
676 3776 726 3834 qq,
739 3788 771 3834 gg
783 3785 838 3834 qm
859 3774 934 3833 οιαὶ.
988 3770 1102 3839 utraque
1117 3781 1194 3840 parte
1207 3770 1407 3843 sagacissimim
1431 3776 1649 3849 solticitudinem,
1673 3781 1700 3845 ip
1719 3798 1773 3853 quo

147 3885 209 3931 state
222 3872 352 3943 disposita
377 3868 475 3940 aliquid
501 3866 563 3923 noti
589 3875 736 3949 retractare
758 3877 805 3923 aut
826 3866 934 3953 diaere;
987 3859 1122 3919 facultatis
1132 3860 1227 3930 luerit,
1240 3864 1393 3934 habeamur
1406 3868 1510 3943 et'aitia
1523 3871 1662 3940 reprimat,
1674 3881 1687 3910 ⁸
1697 3884 1724 3930 et
1737 3891 1769 3932 oa

148 3967 196 4023 sed
221 3964 284 4021 dum
308 3972 448 4033 pastorum
474 3958 694 4030 subditorumque
715 3956 877 4030 negligentia
899 3971 934 4012 eu
987 3953 1117 4009 radicitus
1132 3963 1161 4010 ut
1180 3955 1409 4037 oriri‚coeperint,
1424 3969 1453 4015 ut
1473 3962 1611 4033 praevalet,
1632 3976 1772 4034 amputare

147 4057 192 4112 hia
214 4050 380 4123 temporibus
395 4046 507 4106 nimium
527 4048 624 4117 crevit,
639 4047 702 4120 quid
713 4046 786 4103 atiud
804 4044 936 4118 agendum
988 4038 1115 4111 lestinet3
1132 4055 1159 4100 et
1172 4059 1231 4115 qum
1246 4044 1337 4102 usibus
1354 4044 1477 4104 huntanis
1489 4044 1566 4120 iuxta
1580 4050 1691 4109 lormtm
1711 4055 1776 4110 sub·

142 4132 230 4201 >nobis
243 4151 297 4208 est,
312 4142 358 4212 qul
373 4140 401 4196 in
414 4145 467 4194 tam
479 4138 554 4210 grati
569 4130 725 4194 discrimine
738 4136 873 4202 uenimus,
886 4136 937 4191 nisi
988 4142 1035 4191 ter
1053 4133 1209 4205 dispositam
1226 4136 1378 4215 necessaria
1393 4139 1503 4213 inerint,
1520 4141 1560 4211 eis
1580 4142 1706 4215 praebere
1719 4157 1777 4202 stu·

147 4243 331 4307 unquentum
350 4246 503 4305 possumus,
526 4233 549 4288 si
568 4245 621 4287 non
648 4236 776 4302 quantum
796 4218 935 4305 debemus,
989 4226 1065 4295 dett,
1078 4237 1106 4282 ut
1121 4242 1183 4283 cuna
1199 4238 1290 4298 pastor
1305 4239 1453 4304 pastorum,
1467 4224 1605 4305 judexque
1619 4235 1777 4293 rivorumet

148 4327 181 4384 ad
198 4325 365 4383 rectitudinis
388 4325 498 4394 lineam,
521 4323 575 4382 lieo
590 4324 751 4396 inspirante,
772 4322 877 4380 clerum
891 4336 938 4378 no-
989 4330 1157 4376 mortuorum
1172 4318 1296 4377 Christus
1310 4320 1338 4377 in
1354 4320 1449 4379 ultimo
1470 4324 1667 4398 tremendoque
1683 4327 1737 4395 die,
1750 4329 1776 4384 in

149 4428 235 4475 strum
252 4417 430 4474 reducamus?
989 4411 1055 4467 sede
1083 4410 1231 4481 nraiestatis
1252 4427 1325 4479 sum,
1350 4413 1547 4484 disceptaturus
1569 4432 1629 4473 cnm
1654 4420 1779 4489 omnibus

184 4506 264 4580 igitur
280 4506 402 4578 quamuis
415 4502 509 4577 adepta
530 4504 609 4576 bajus
623 4503 695 4560 sedis
716 4501 878 4573 pontihcalis
890 4519 936 4561 ca·
951 4486 977 4548 ὓ
990 4504 1126 4574 gentibus,
1138 4502 1251 4571 sederit,
1263 4516 1290 4562 et
1301 4506 1389 4564 onmis
1401 4490 1492 4566 clerus
1504 4524 1567 4567 eunt
1581 4512 1695 4568 revetata
1711 4511 1781 4567 iacie

149 4602 384 4672 thedra,cumqus
403 4598 485 4656 oibcii
508 4597 560 4654 mei
575 4597 716 4669 pastoralis
730 4610 821 4653 curam
840 4597 937 4670 inrigi·
992 4599 1174 4669 conspexerit,
1201 4599 1252 4658 etsi
1275 4616 1328 4658 non
1352 4618 1413 4661 curn
1441 4605 1554 4660 summis
1577 4598 1729 4674 pastoribus
1755 4615 1781 4658 et

152 4691 210 4747 lare
227 4689 382 4759 coepissem,
396 4696 425 4743 et
453 4688 481 4744 ln
497 4695 596 4743 tantam
619 4686 809 4758 negligentiam
833 4688 936 4744 clerum
991 4691 1117 4763 gregibus
1141 4690 1191 4752 tibi
1211 4695 1373 4761 commissit,
1396 4710 1446 4764 pro
1470 4682 1637 4766 dispensatis
1657 4693 1779 4760 talentis,

149 4778 308 4850 plebemque
333 4777 475 4835 deuenisse
502 4776 705 4846 cttrrspicerem,
726 4776 795 4846 coepi
822 4787 936 4834 maestus
980 4782 1232 4857 'multiplicatisque
1250 4787 1413 4858 spiritalibus
1433 4786 1526 4848 lucris,
1546 4785 1639 4842 audire
1661 4787 1779 4841 merebi-

149 4869 311 4939 conquirere
324 4869 387 4938 quid
415 4882 494 4940 agere
518 4867 661 4932 deberem
683 4867 730 4923 sed
750 4867 841 4923 dialtio
855 4867 937 4924 lultas
992 4888 1070 4930 taur:
1084 4870 1167 4948 liupo,
1181 4892 1250 4931 rnre
1270 4877 1367 4931 honeet
1391 4874 1474 4945 idetis
1494 4873 1602 4943 (North.
1624 4890 1689 4940 aar,
1707 4876 1779 4943 bl);

149 4960 264 5026 anxilio,
278 4957 447 5031 lratrumque
460 4958 637 5029 spiritualium
653 4954 838 5030 consolatione
862 4957 939 5028 adju·
993 4962 1089 5021 saltem
1102 4965 1152 5021 boc
1168 4964 1343 5034 concedatur,
1355 4974 1383 5019 ut
1392 4964 1549 5021 delictorum
1565 4962 1644 5021 uenia
1657 4964 1691 5021 ud
1707 4966 1778 5021 inte·

150 5061 204 5118 tus,
219 5061 300 5123 atque
326 5051 532 5120 recuperatione
545 5060 714 5120 provocatos,
738 5050 820 5118 uolui,
845 5062 937 5107 ncces·
992 5070 1068 5129 grum
1085 5056 1233 5121 triburium
1248 5057 1311 5126 qnia
1325 5054 1499 5113 manifestum
1517 5065 1559 5112 est
1572 5054 1668 5128 quibus
1683 5072 1779 5128 pecca·

150 5139 231 5198 utare
254 5140 422 5210 compulsus,
445 5154 557 5211 parrum
575 5141 740 5198 decretulum
765 5138 865 5207 lacere,
888 5155 937 5211 per
992 5132 1178 5204 torum'renia
1192 5146 1226 5202 ad
1246 5145 1378 5218 integrum
1394 5144 1530 5217 tribuitur,
1547 5148 1608 5221 quia
1623 5163 1672 5204 nec
1686 5146 1779 5206 inlotis

151 5231 222 5305 quod
236 5246 266 5289 se
279 5232 368 5289 clerus
382 5231 529 5289 ab'illicitis
551 5244 683 5298 coerceat,
698 5234 795 5289 vitiosa
807 5233 935 5302 deponat,
980 5244 1083 5307 ,potest
1093 5230 1219 5307 judicari,
1235 5232 1278 5292 cui
1289 5237 1432 5308 contigerit
1446 5240 1660 5310 qualemcunque
1677 5248 1779 5311 partem

150 5326 220 5382 mata
243 5325 290 5381 diu
315 5327 446 5396 longeque
472 5333 596 5394 usurpata
619 5322 797 5394 derelinquat,
821 5332 851 5378 nt
874 5322 938 5379 dum
995 5324 1022 5381 in
1038 5324 1161 5399 paradiso
1172 5323 1291 5397 babere;
1304 5327 1351 5385 sed
1363 5324 1417 5385 illis
1427 5328 1525 5386 ibidem
1537 5344 1598 5387 sors
1615 5330 1707 5398 datur,
1721 5326 1779 5400 qul,

150 5431 229 5473 mens
252 5417 286 5474 ab
307 5417 422 5472 assuetis
443 5415 515 5472 vitiis
537 5422 676 5482 menatae,
690 5413 795 5472 lucilim
817 5412 887 5471 bona
912 5423 941 5471 st
994 5417 1162 5488 inquantum
1178 5420 1361 5492 possunt,par
1382 5419 1445 5479 iitm
1460 5424 1596 5490 meritum,
1619 5422 1652 5477 ad
1670 5420 1734 5489 hoa,
1748 5419 1776 5474 ln

150 5506 621 5583 optimaquequesuntinserantor,
772 5574 775 5583 ¹
876 5570 879 5577 Ι
994 5509 1073 5579 bajus
1098 5512 1229 5583 temporis
1255 5513 1401 5583 currtcmo,
1423 5514 1489 5593 dum
1512 5514 1576 5573 licet
1600 5527 1720 5582 currere,
1741 5510 1782 5570 le·

187 5599 417 5670 seripturisenim
438 5599 523 5656 sacris
545 5598 864 5671 intentidscerniqrutut
879 5612 937 5656 om·
993 5598 1104 5656 atinent.
1388 5596 1391 5603 '

192 5716 204 5745 ⁸
220 5709 295 5766 beati
309 5710 446 5768 benedicti
459 5709 526 5782 lleg,
539 5723 599 5781 cap.
614 5709 647 5765 9.·
