3832 6114
143 252 194 307 lob
542 248 572 302 S.
592 244 767 302 tlulllfblll
786 241 926 301 ocelluli
945 240 1033 298 Palts
1051 239 1083 296 ll.
1098 269 1132 282 -·
1149 238 1363 300 lateratus.
1717 247 1769 306 {dd

136 365 172 418 tis
188 361 255 416 mcis
276 359 484 429 placidissimum
507 360 645 430 praebebat
669 372 818 423 assensum,
834 357 927 414 dieen-
941 360 967 420 Α
979 369 1033 410 erm
1055 354 1143 409 crucis
1155 353 1292 423 signaculo
1305 352 1476 408 oonllrururi.
1492 353 1586 412 itidem
1601 355 1672 415 idem
1687 373 1770 416 rene-

138 459 179 506 tcs
195 468 202 504 :
219 450 339 517 Quandin
352 449 423 504 rituli
438 450 569 520 vegetaris
580 449 688 519 spiritu,
703 449 842 504 nobiscum
857 456 927 516 prae·
981 445 1081 500 raudus
1093 459 1149 510 rex,
1163 453 1191 499 et
1201 444 1410 514 praenominatus
1423 445 1553 516 pontifex,
1571 449 1628 518 pari
1649 449 1773 509 devotio·

137 541 223 598 sentis
237 539 297 594 vitae
311 540 398 593 studio
420 538 567 608 deputaris,
585 549 636 594 tum
650 553 757 606 semper
770 535 931 593 dominatio·
981 536 1022 590 nis
1034 550 1113 590 mann
1129 535 1354 604 subscripserunt.
1370 536 1425 592 Nee
1448 537 1532 593 multo
1554 548 1624 608 post,
1641 540 1668 596 in
1681 555 1773 599 saero-

139 632 181 685 nis
194 631 266 698 jore.
282 628 435 683 lrrrmilliure
447 629 516 683 colla
535 628 652 684 subdere
674 643 727 683 non
742 628 927 696 dedignamur.
981 637 1076 681 sanem
1089 625 1214 694 concilio,
1228 625 1299 695 qood
1320 626 1395 695 juxta
1414 624 1524 682 llurium
1538 627 1585 699 qui
1598 629 1695 685 dicitur
1708 630 1774 687 We·

135 718 190 775 Sed
208 720 260 775 ltoc
273 717 386 788 supplici
406 721 598 790 communique
623 729 716 789 rogatu
739 719 928 788 deprecamur,
981 715 1041 783 dor,
1062 727 1254 788 corrgregatum
1279 729 1341 772 esse
1364 715 1541 788 dignoscitur,
1565 716 1636 775 idem
1651 721 1773 776 oruuium

139 809 365 888 qarodsnbsaera
380 810 578 880 scripturarum
601 810 791 868 testitlcatiooe
814 819 841 866 et
856 810 931 866 lato·
981 809 1126 869 Saxonicm
1157 810 1247 881 gentis
1274 809 1562 878 archimandritarum,
1602 827 1663 868 cum
1689 813 1774 885 regali

140 899 266 954 rabilium
289 901 406 955 virorum
433 902 509 956 claro
535 915 669 956 cerasensu
703 900 873 967 corrobores,
901 903 931 954 ut
983 910 1138 974 potentatus
1162 915 1276 958 assensu
1302 909 1330 958 et
1350 902 1498 971 pontitcati
1526 902 1660 974 prioratus
1686 914 1772 974 nutu,

135 989 227 1044 nullus
239 997 300 1057 post
317 989 419 1045 obitum
435 1002 509 1046 tuurn
531 1005 581 1046 nec
596 989 695 1061 regalis
720 989 858 1045 audacitas
880 1004 931 1045 nee
983 995 1122 1049 coricensis
1143 992 1302 1050 auctorum.
1328 991 1357 1050 Si
1371 993 1432 1062 quis
1446 1008 1513 1049 vero
1533 1002 1626 1050 contra
1639 994 1697 1052 bae
1718 1004 1774 1053 tam

137 1077 301 1145 pontidealis
315 1080 473 1149 auctoritas,
490 1081 531 1136 rcl
546 1079 644 1150 aliquis
657 1080 860 1147 ecclesiastica,
880 1093 931 1134 seu
986 1083 1132 1140 illustrium
1144 1098 1318 1154 personarum
1333 1081 1441 1140 decreta
1452 1083 1541 1139 moliri
1555 1083 1735 1155 macltinetur,
1747 1097 1776 1144 et

136 1171 274 1227 menteris
288 1173 489 1243 dignitatisrir,
511 1173 569 1229 sine
589 1184 685 1229 nostro
699 1173 933 1231 voluntatisarbi·
983 1188 1060 1231 sacra
1085 1175 1226 1243 praesentis
1245 1173 1382 1230 schedulas
1406 1173 1473 1228 scita
1498 1173 1673 1244 provocitati
1706 1190 1776 1248 prae·

138 1261 200 1325 trio,
214 1261 332 1317 innubis
349 1263 400 1318 sibi
416 1264 535 1319 vindicet
548 1264 737 1334 principatum.
983 1263 1143 1332 sumpserit,
1153 1263 1270 1327 seiatse,
1285 1271 1347 1317 ante
1359 1261 1503 1318 terribilem
1516 1262 1615 1318 diriore
1630 1263 1773 1334 llajestatia

175 1352 242 1405 lluic
262 1351 360 1406 debitas
376 1353 568 1408 monaeltorurn
598 1370 730 1419 meorum,
747 1353 864 1412 maxime
888 1353 932 1411 la·
984 1349 1673 1424 thronum,cumprreraricatoribuspraeceptorum
1684 1353 1776 1408 bonai-

137 1440 270 1495 mulorum
287 1439 345 1508 Dei,
363 1444 486 1512 petitioni
506 1444 683 1499 libentissime
697 1442 840 1509 consensi;
853 1452 882 1498 et
905 1445 932 1500 in
984 1441 1023 1506 ni,
1037 1439 1143 1510 lugubri
1157 1439 1339 1496 damnationis
1360 1440 1462 1510 judicio
1471 1442 1682 1512 percellendum.
1699 1442 1776 1499 Seri·

139 1531 317 1596 monasterio,
342 1532 413 1600 quod
433 1532 507 1602 juxta
534 1533 643 1587 llnrium
670 1533 715 1601 qui
730 1533 828 1589 dicitur
847 1531 933 1589 Wen·
985 1541 1032 1602 pta
1057 1541 1100 1588 est
1135 1531 1442 1602 hujuscenllrmationis
1465 1534 1587 1590 chartula
1602 1534 1636 1589 ab
1650 1535 1778 1591 incarna-

140 1624 247 1689 burnia,
272 1622 316 1679 cui
339 1624 483 1680 venerandi
498 1625 569 1694 regis
592 1625 676 1680 nostri
699 1639 826 1696 germana
849 1622 956 1695 euru,
986 1620 1059 1676 tione
1082 1620 1188 1678 bomini
1215 1621 1301 1679 nostri
1322 1621 1386 1678 lesu
1412 1621 1512 1680 Christi
1537 1623 1608 1691 7⁰5,
1632 1622 1776 1680 indictione

138 1713 222 1782 berga
236 1713 372 1782 praesidet,
395 1729 457 1770 eum
481 1715 591 1785 optabili
617 1714 789 1772 lamosissimi
800 1715 871 1789 regis
884 1705 971 1773 lniiB
989 1712 1079 1771 tertia.

137 1816 281 1871 coissensu,
312 1813 339 1858 et
367 1806 586 1863 reverendissimi
611 1806 700 1862 iratris
728 1817 756 1863 et
777 1808 930 1880 coepiscopi
1090 1803 1239 1877 'ssimum
1260 1819 1356 1861 manus
1371 1805 1631 1877 banielisepiseopi.

140 1893 195 1948 mei
218 1893 345 1962 llaulelis,
363 1906 533 1964 praesentata
544 1897 730 1966 promissionis
739 1897 839 1954 deuote
852 1908 929 1967 uutu,
1094 1894 1114 1966 ’ς
1133 1896 1246 1966 Signum
1260 1895 1310 1951 lnii
1322 1894 1403 1966 repis.
1474 1968 1477 1973 Ι

139 1981 357 2042 decentissimam
369 2001 511 2043 vernarum
526 1986 630 2042 bontird
646 1987 865 2058 postulationem,
887 2001 932 2044 su·
1092 1986 1113 2059 †
1133 1987 1245 2058 Signum
1259 2002 1353 2043 manus
1365 1986 1468 2058 patricii
1485 1987 1631 2043 litlielredi.

1514 2124 1774 2169 -·-='·²,

526 2234 866 2352 SANG'H
902 2231 1385 2347 mummuli!

727 2417 1020 2479 sculueudlttlltrtffls
1037 2416 1181 2470 ltctscol’l

666 2554 1261 2704 TRACTATUS

923 2775 994 2823 tlt!
1010 2821 1013 2827 ,

568 2894 689 2973 Ellis
717 2896 927 2976 OPERUM
956 2896 1084 2977 Palts
1111 2897 1356 2989 soedllbt.

854 3037 1077 3059 ht*-

462 3150 551 3265 DE
583 3148 935 3273 lldulsstls
976 3152 1473 3274 VIRGINITATIS

940 3371 1011 3420 slllts

561 3513 628 3589 bb
654 3509 996 3591 VIRGINITATE
1024 3506 1346 3587 sanctonino.

113 3710 117 3718 .
146 3671 228 3735 [tipus
245 3665 422 3734 presaleumde
435 3665 583 3730 virginitate
602 3665 694 3717 centuli
711 3668 813 3730 primurn
832 3678 888 3715 eum
909 3664 956 3716 lls.
975 3663 1070 3723 cdler.
1092 3661 1257 3728 &letone
1269 3668 1324 3729 post
1342 3667 1437 3717 textum
1451 3662 1501 3728 jam
1523 3665 1665 3729 impressum
1688 3672 1779 3728 lterum

669 3727 760 3778 contuli
771 3739 826 3777 cum
838 3727 883 3776 ils.
896 3726 1028 3778 Bodleiano
1037 3725 1102 3791 (dil.
1114 3725 1213 3789 dnn]

184 3849 975 3923 l.llererendissinriscbristiuirginibusomniquedero·c
990 3851 1184 3923 pollicitatione
1207 3850 1401 3923 spopondistis,
1424 3853 1540 3910 ubertim
1557 3855 1782 3926 claruerunnre-

146 3959 181 4003 tae
201 3946 387 4018 germanitatis
406 3943 504 3999 adectu
524 3945 699 4009 venerandis,
723 3953 752 4000 et
771 3960 824 3999 non
850 3946 938 4001 sulum
992 3957 1053 3999 rum
1066 3943 1147 4000 etiam
1162 3942 1288 4000 melliflua
1308 3942 1458 3999 divinarum
1473 3947 1560 4001 studia
1583 3947 1781 4019 scripturarum

148 4034 296 4106 corporalis
326 4031 461 4104 pudicitia
490 4033 627 4102 preconio
650 4031 839 4098 celebrandis,
867 4033 938 4102 quod
989 4032 1162 4103 sagacissima
1195 4046 1349 4088 sermonum
1385 4035 1456 4089 serie
1486 4045 1640 4104 patuerunt.
1661 4040 1782 4113 Cumque

148 4123 323 4196 plurimorum
336 4129 390 4188 est,
405 4133 497 4175 rerum
511 4119 592 4174 etiam
615 4116 761 4186 spiritualis
775 4118 940 4177 castimonia
990 4120 1110 4191 singulos
1138 4118 1309 4192 epistolarum
1336 4129 1425 4178 terim
1453 4126 1589 4198 recitans,
1628 4133 1782 4200 pernicibus

149 4213 233 4284 gratia
247 4209 439 4282 glorificandis,
451 4210 523 4279 quod
535 4224 679 4281 paucorum
694 4219 746 4278 est,
761 4211 866 4268 scilicet
884 4211 940 4270 llil·
991 4210 1156 4283 pupillarum
1172 4211 1308 4268 obtutibus
1318 4215 1484 4288 specularer,
1501 4227 1581 4290 atque
1592 4225 1706 4280 naturali
1720 4242 1782 4297 qua·

147 4301 257 4359 delitbae
279 4299 408 4371 reputaris
435 4300 594 4370 disciplinae,
616 4308 644 4357 et
657 4303 811 4359 monastice
825 4319 939 4362 conuer-
990 4301 1063 4369 dam,
1078 4311 1107 4358 ut
1118 4302 1183 4358 milti
1199 4303 1308 4359 insitum
1321 4304 1417 4375 lectur,
1434 4307 1573 4365 latentium
1586 4324 1676 4369 rerum
1690 4320 1781 4374 curlo·

146 4391 258 4449 sationis
272 4392 419 4463 magistrae,
443 4391 575 4463 simulque
597 4392 709 4450 iustine
733 4408 765 4449 ac
783 4394 935 4466 cutbergae,
989 4393 1286 4465 sitateeontemplarcr,
1299 4395 1515 4467 uberrimamque
1528 4399 1670 4456 verborum
1684 4401 1781 4461 iacun·

147 4501 253 4543 necnon
264 4486 403 4557 osburgae,
416 4485 480 4541 mllri
502 4487 699 4543 contribulibus
709 4488 935 4546 necessitudinum
989 4484 1657 4556 dielnttldssidtlemurbanililssdfflelfflddfildm
1670 4490 1779 4569 [Rodia

148 4578 470 4649 neribuseonglutinatre,
492 4578 614 4649 ttldgidaa
627 4593 658 4635 ac
669 4578 851 4649 Scholastica,
868 4581 936 4637 llid·
989 4576 1780 4651 disertitudinem]magnopereadmlrarermn,induam,in*

148 4672 238 4741 burgre
252 4680 280 4727 et
295 4670 434 4740 tirrmgide
446 4668 511 4743 [lle.
533 4668 625 4734 bart,
649 4668 828 4741 berengidal,
855 4671 938 4726 Eula·
990 4666 1090 4724 effabili
1101 4669 1248 4738 gratulatur
1264 4667 1779 4746 tripudioitlesuperirepnarorblyrnpl,

147 4763 199 4830 lia,
215 4776 248 4818 ae
267 4760 367 4826 Teclar,
380 4775 487 4816 rumore
499 4760 648 4816 sanctitatis
663 4761 832 4816 concorditer
844 4761 938 4819 Eccle-
989 4763 1252 4832 etreetoreoeli‚cum
1260 4762 1780 4839 ultrercnlrolieasclnistivernaculas,

147 4856 214 4910 siam
226 4853 400 4918 ornantibus,¹
412 4852 570 4910 llldlrclmua
579 4852 670 4924 segnis
683 4852 782 4908 Clrristi
793 4854 936 4920 crumenis,
990 4856 1564 4929 imoadopnvasregeneranttsprestantius,
1573 4873 1603 4915 ex
1612 4858 1726 4916 lecundo
1736 4877 1784 4918 ee·

147 4956 172 4998 et
184 4947 310 5015 supplex
325 4945 453 5000 Ecclesia
467 4944 627 5001 vernaculus
640 4943 786 5014 optabilem
800 4955 950 5021 perpetuat
990 4945 1153 5002 clesiasticre
1167 4946 1352 5016 conceptionis
1365 4957 1453 5012 utero,
1466 4949 1612 5012 spiritualis
1639 4952 1713 5006 verbi
1737 4965 1780 5006 se·

148 5034 335 5102 prosperitatis
348 5035 472 5091 salutem.
951 5037 1063 5129 nmine
1075 5036 1238 5106 progenitas,
1253 5051 1302 5105 per
1325 5045 1474 5092 maternam
1501 5036 1598 5095 uiderit
1624 5040 1781 5113 sollieitudi-

185 5122 217 5177 ll.
237 5119 397 5176 iamdudum
408 5124 442 5178 ad
464 5125 617 5194 pontificale
629 5127 800 5196 prollcisccns
810 5127 939 5185 concilia·
992 5143 1053 5184 nem
1077 5127 1174 5184 divinis
1199 5125 1372 5198 dogmatibus
1391 5126 1504 5193 erudiri,
1530 5141 1564 5182 ac
1586 5126 1658 5182 relat
1671 5142 1782 5200 sagaces

148 5215 252 5284 bultem,
277 5213 402 5269 iraternis
414 5215 549 5273 sodalium
564 5221 681 5278 cateruis
695 5222 848 5289 comitatus,
862 5221 940 5277 almi·
990 5220 1228 5292 gymnosophistas
1246 5222 1298 5277 sub
1309 5218 1471 5291 peritissimo
1483 5218 1599 5290 quiedam
1619 5221 1781 5287 aponotlreta

150 5304 213 5360 tatis
234 5313 330 5358 restrae
352 5304 450 5373 scripta
476 5321 543 5362 mete
570 5312 749 5368 mediocritati
774 5313 854 5367 allata
873 5314 940 5369 satis
992 5313 1151 5383 palaestricis
1164 5312 1313 5380 disciplinis
1326 5321 1354 5368 et
1368 5312 1500 5383 rynnieis
1511 5310 1613 5367 artibus
1623 5309 1651 5364 in
1670 5323 1783 5382 gymna-

148 5397 263 5455 liben·er
285 5396 445 5468 suscipiens,
471 5399 570 5455 erectis
590 5400 623 5456 ad
648 5404 750 5460 athera
764 5405 872 5474 palmis,
886 5404 940 5459 im·
990 5400 1033 5455 siu
1057 5401 1187 5457 exerceri.
1210 5401 1260 5468 Qui
1284 5400 1412 5457 laboriosi
1426 5401 1583 5457 certaminis
1601 5415 1728 5457 eoronam
1753 5410 1782 5459 et

151 5503 259 5547 incusas
277 5488 385 5546 cbristo
408 5504 457 5561 pro
469 5489 601 5560 sospitate
615 5499 704 5548 restra
729 5495 940 5564 gratulabundus
990 5490 1139 5563 Olympiaci
1159 5493 1254 5563 agonis
1277 5491 1459 5562 triumphum,
1479 5491 1644 5548 dilllcillimis
1666 5491 1782 5563 proptia

149 5579 304 5649 impendere
313 5590 404 5651 grates
418 5582 519 5649 curari,
531 5595 585 5652 quo
597 5582 668 5654 stylo
680 5597 733 5638 non
745 5583 834 5640 solum
852 5585 940 5642 ecclc.-
991 5582 1192 5639 exercitationis
1210 5581 1312 5637 viribus
1324 5584 1428 5641 naviter
1441 5585 1643 5640 nanciscuntur.
1658 5583 1696 5639 lta
1709 5584 1780 5640 dun·

148 5668 253 5757 siastlcs
287 5673 477 5741 promissorum
513 5682 635 5734 soterum
660 5673 773 5746 laudere,
801 5691 861 5747 que
885 5674 938 5733 lida
981 5681 1074 5759 taxat,
1091 5682 1120 5730 ut
1143 5672 1212 5730 alius
1232 5681 1342 5732 aueum
1370 5675 1532 5732 atblctaruut
1557 5673 1700 5733 luctamina
1718 5688 1781 5733 cam
