3832 6114
137 309 188 367 ιιι
736 316 781 373 ιι
800 295 1167 373 tsunrsus'ttnutnusr.
1709 324 1767 378 ata

140 423 232 481 l'etida
245 424 381 481 calcantes
392 435 497 496 spurcos
510 428 632 498 contagia
646 427 743 485 earnis.
939 425 965 483 Α
978 424 1094 494 Corpore
1104 427 1139 484 de
1149 441 1246 496 spureo
1259 428 1340 484 sumit
1357 425 1585 499 perscrutante.

137 521 173 574 dt
187 531 253 574 reso
266 514 356 573 decies
369 531 448 575 scasas
460 518 494 575 de
506 520 610 590 cespite
624 520 694 576 ruris
979 516 1058 571 linea
1080 517 1213 589 frugiferis
1226 527 1255 574 ut
1267 532 1371 577 constat
1386 523 1470 592 gloria
1485 524 1600 593 eampis,

137 610 241 682 Fruges
253 610 419 682 deprompsit
432 613 564 670 caelorum
577 616 660 685 gloria
675 613 806 678 cbristus,
928 639 931 646 ·
978 608 1121 678 iantpinns
1134 613 1278 668 immensos
1290 615 1353 669 dnm
1367 614 1452 686 gignit
1463 614 1574 686 palmite
1589 614 1690 677 botros,

136 701 210 770 Quos
223 705 330 773 proprie
343 704 411 759 casti
427 709 540 777 caipunt
552 706 660 763 derare
674 705 814 775 maniplos,
979 699 1082 756 Viuitut·
1097 710 1125 757 el
1138 704 1234 773 spoliat
1245 704 1401 762 trondcmcs
1421 706 1533 764 [sinibus
1547 714 1624 761 arctes
1631 721 1641 770 ;

136 793 188 858 Qui
202 795 284 850 modo
295 794 466 866 disrumpunt
477 797 609 852 connubia
625 813 691 853 ncta
705 807 835 861 tororum,
976 791 1069 846 Sidera
1081 794 1210 863 praeclaro
1222 796 1320 852 cedem
1331 807 1360 852 ut
1371 798 1471 855 lumine
1484 797 1560 866 solis,

138 885 169 940 tn
182 883 295 940 demtmt
308 886 430 956 proprias
441 886 537 944 deuota
552 897 642 945 mente
653 889 782 952 latebras,
976 880 1084 937 [1151181
1101 882 1163 939 dnm
1182 893 1269 941 tetras
1281 886 1392 958 obliquo
1408 885 1517 942 tramite
1530 886 1621 950 'filins

135 974 277 1032 blandana
290 975 364 1032 licita
380 988 539 1049 spernentes
551 981 645 1049 gaoilia
660 993 776 1050 pompae.
976 970 1076 1028 Cuncta
1091 986 1268 1043 supernorum
1283 976 1447 1033 convincens
1459 984 1531 1032 astra
1546 976 1668 1047 polorum
1684 993 1690 1039 ;

136 1066 181 1125 sie
192 1070 304 1125 demum
316 1067 409 1126 decim
421 1078 524 1126 metens
536 1086 570 1126 ex
584 1086 692 1141 aeqquq
703 1070 810 1142 garbae,
976 1061 1021 1118 Sic
1033 1079 1138 1134 qnoque
1149 1066 1288 1138 uirginitas
1302 1083 1361 1138 qum
1382 1075 1490 1125 sanctos
1504 1067 1603 1140 inclyta
1617 1069 1697 1123 contit

135 1158 239 1215 terrm
250 1159 373 1229 accipiet,
389 1161 434 1231 qni
447 1159 532 1215 uincla
547 1160 646 1232 iugalia
661 1161 754 1228 nectit,
976 1155 1070 1210 umrrn
1085 1165 1238 1213 sanctornm
1256 1159 1421 1215 transcendit
1432 1162 1540 1228 praemia
1553 1159 1675 1229 supplex.

135 1248 189 1306 llee
204 1250 312 1320 penisus
325 1249 411 1307 caleat
425 1251 504 1308 licirae
516 1253 675 1311 commercia
692 1253 766 1321 sita,
978 1247 1115 1317 integritas
1127 1264 1234 1319 quoqne
1250 1250 1378 1306 uirtutum
1395 1251 1486 1321 regina
1499 1262 1620 1315 vocatur,

134 1338 188 1395 Sed
203 1339 287 1409 magis
302 1339 329 1395 in
344 1339 443 1418 oriundo
456 1341 576 1398 sobolem
588 1356 718 1413 generare
731 1353 871 1413 nepotum,
976 1337 1099 1408 iungitur
1109 1341 1307 1410 angeliciscum
1319 1350 1392 1396 costa
1406 1351 1503 1410 spome
1516 1340 1657 1411 maniplis:

135 1427 347 1501 brugenicmquc
357 1430 444 1487 libem
459 1440 567 1500 exoptat
580 1434 689 1502 gignere
704 1434 806 1503 stirpis.
976 1426 1049 1494 llaec,
1067 1430 1186 1498 inquam,
1202 1432 1287 1486 virtus
1306 1431 1409 1490 coelcsti
1424 1445 1534 1487 ntunere
1549 1431 1663 1499 pellem,

136 1518 305 1590 Quapropter
315 1524 402 1578 cuncti
417 1536 484 1594 qnos
496 1522 615 1579 flanimea
625 1538 690 1579 cure
704 1523 816 1593 pudori-r
978 1521 1065 1574 dures
1085 1518 1259 1589 flammigeris
1274 1527 1384 1589 praestat
1395 1520 1539 1590 crepundia
1555 1521 1677 1591 gersrmis.

137 1610 170 1666 tit
182 1627 297 1681 quorum
314 1612 475 1684 integritatis
489 1628 564 1669 arnor
578 1615 724 1685 praecordia
739 1617 844 1686 pungit,
977 1603 1120 1678 Virginitas
1132 1609 1215 1681 fuitei
1229 1610 1310 1666 veluti
1321 1611 1402 1666 rubis
1414 1625 1531 1681 purpura
1542 1625 1646 1682 tetum.

135 1702 250 1773 Spiritus
266 1718 297 1760 ae
311 1714 393 1761 castae
405 1707 569 1776 coniungam
583 1706 686 1764 lmdera
700 1708 802 1777 carnis,
976 1702 1033 1768 0⁰¹
1047 1711 1201 1771 Γθιῦἱῑθῐθῦ
1219 1700 1366 1774 iunguntur
1378 1703 1440 1773 jure
1455 1704 1553 1775 ¹⁰d²¹it

138 1793 204 1850 bom
219 1795 310 1850 divina
323 1796 404 1852 docet
413 1795 522 1867 duptam
538 1798 671 1854 sententia
683 1799 775 1855 ittam.
938 1765 963 1831 3
980 1793 1117 1865 integritas
1131 1794 1227 1849 animas
1238 1807 1353 1865 regnans
1368 1796 1395 1851 in
1409 1809 1523 1867 corpore
1536 1802 1611 1852 casto

137 1881 279 1954 corporeis
295 1899 356 1940 uam
371 1885 459 1941 anima
476 1887 617 1957 praefertur
630 1888 749 1958 gestibus
760 1889 841 1955 alma,
978 1881 1041 1937 l'tos
1050 1890 1093 1938 est
1108 1882 1253 1953 virgineus,
1266 1884 1312 1954 qui
1325 1886 1410 1942 nescit
1423 1885 1520 1942 damna
1532 1897 1659 1951 senectae,

140 1975 352 2050 lictrrangtter
367 1978 464 2033 mentis
479 1978 633 2034 monarchia
646 1988 750 2050 regnet,
976 1970 1032 2027 lice
1042 1970 1114 2027 cadit
1127 1971 1155 2027 in
1170 1981 1268 2028 tertam
1285 1987 1333 2028 cen
1348 1972 1442 2030 fronde
1464 1975 1574 2044 ligustra
1587 1973 1724 2031 fatiscunt.

137 2066 171 2125 tit
182 2083 236 2124 non
254 2068 384 2126 insultent
397 2071 514 2126 animam
530 2070 718 2142 phantasmata
733 2074 831 2136 carnis,
976 2061 1086 2118 cerain
1096 2061 1219 2118 secundis
1233 2071 1263 2117 111
1278 2072 1391 2119 1111110111
1407 2063 1461 2118 lilia
1477 2064 1572 2132 1111111,

137 2157 190 2215 lise
204 2160 294 2215 rirrcat
307 2160 442 2217 dominam
457 2161 556 2218 stolido
569 2164 712 2220 vernacula
728 2178 817 2237 gesan
978 2158 1014 2215 Et
1025 2174 1087 2216 rosa
1101 2161 1247 2231 sanguineo
1261 2173 1309 2230 por
1322 2158 1420 2214 dumos
1434 2159 1501 2216 llore
1515 2159 1649 2217 rubescat.

138 2250 187 2305 dut
205 2265 322 2321 unquam
335 2262 429 2322 regnet
441 2261 599 2323 contemptu
611 2269 689 2310 serra
702 2255 829 2326 superbo.
977 2249 1017 2308 Et
1028 2250 1124 2322 quibus
1138 2258 1249 2307 ornatus
1262 2249 1306 2321 qui
1319 2249 1401 2306 rincit
1413 2248 1482 2306 lorte
1496 2249 1644 2321 palestria,

138 2337 213 2396 llnnc
226 2341 309 2412 igitar
322 2355 399 2398 raros
413 2340 560 2412 decerpam
573 2343 692 2399 earndm
707 2343 800 2413 liores,
976 2343 1082 2413 decipit
1092 2343 1119 2399 ln
1133 2342 1216 2408 circo.
1227 2342 1313 2400 uictor
1325 2342 1482 2410 cacumine,
1496 2349 1583 2399 serta.

140 2430 160 2486 li
173 2432 237 2501 qnis
248 2431 383 2505 virgineas
396 2432 502 2489 raleant
516 2433 648 2492 labrieare
660 2449 792 2502 coronam
976 2434 1055 2492 liand
1068 2449 1147 2493 scena
1159 2422 1309 2506 integritas,
1323 2435 1427 2491 noviora
1440 2449 1521 2490 earne
1534 2433 1638 2503 rebelli,

137 2523 203 2592 Quid
216 2523 278 2594 plns
291 2524 429 2596 coelicolas
441 2525 516 2597 iurat
529 2525 556 2581 lu
569 2528 717 2583 eermmine
731 2537 824 2584 trostro
978 2525 1067 2598 Atque
1081 2526 1258 2582 nefandorum
1272 2528 1411 2595 prostratis
1422 2535 1511 2597 strage
1521 2525 1645 2590 cateruis,

138 2613 221 2682 οιιιι
236 2614 396 2686 integritatis
410 2630 486 2672 amor
501 2630 617 2687 regnans
636 2617 663 2673 io
679 2625 789 2688 pectore
804 2617 890 2689 putul
979 2619 1107 2676 uuictnas
1121 2619 1248 2691 gestabit.
1259 2619 1368 2674 cbristo
1381 2629 1521 2690 regnante,
1531 2633 1655 2675 coronas.

139 2702 255 2775 demque
269 2704 402 2777 pudicitia
414 2720 527 2776 superos
539 2709 672 2778 preconia
687 2717 800 2778 pascunt
816 2730 822 2766 :
1011 2709 1139 2780 Quamvis
1154 2711 1294 2782 integritas
1307 2719 1418 2766 ornetur
1435 2710 1513 2767 laude
1526 2722 1674 2766 metrmum
1684 2750 1699 2776 ,

139 2794 184 2852 Cui
198 2796 259 2853 lieet
274 2797 300 2852 in
314 2797 394 2854 terris
406 2799 499 2868 stirpis
511 2801 685 2870 generamina
699 2808 819 2871 surgant,
977 2806 1066 2875 mque
1081 2804 1237 2875 pudicorum
1251 2803 1405 2860 crebrescat
1419 2803 1474 2859 rita
1487 2817 1534 2871 per
1547 2819 1657 2870 aesnmg

140 2887 261 2944 Attamen
275 2889 302 2944 iu
316 2888 394 2945 coelis
406 2889 533 2945 virtutum
548 2890 666 2946 culmina
680 2889 795 2946 scandit.
976 2893 1036 2952 Non
1051 2905 1140 2951 tamen
1160 2903 1262 2951 aeterno
1274 2891 1432 2950 fraudamur
1447 2909 1557 2950 minnere
1569 2894 1682 2964 ebriati,

140 2977 281 3048 Virginitas
292 2988 393 3036 castam
406 2992 517 3038 servans
530 2980 588 3037 sine
602 2982 715 3039 crimine
729 2994 850 3048 carnem,
976 2986 1028 3055 Qui
1037 3001 1166 3044 concessa
1182 2987 1274 3043 colum
1286 2988 1365 3043 licitae
1376 2988 1507 3043 connubia
1522 2989 1593 3044 ritas.

139 3069 238 3130 catera
250 3071 377 3128 uirtutum
388 3072 470 3130 tinoit
481 3073 615 3145 prenuntia
627 3073 715 3140 larido,
935 3112 962 3181 c
979 3079 1037 3136 Non
1050 3095 1114 3151 crgo
1124 3080 1227 3151 argenti
1238 3079 1383 3150 squalescit
1398 3089 1487 3148 spreta
1502 3080 1603 3147 libella,

141 3161 255 3232 Spiritus
267 3161 405 3219 dlliihrotti
419 3162 548 3233 templum
562 3163 615 3220 sibi
629 3164 747 3220 vindieat
758 3165 855 3220 nimiis.
979 3169 1064 3228 Uncia
1078 3171 1202 3228 bissenis
1213 3187 1292 3242 quam
1304 3180 1400 3242 pensat
1413 3171 1535 3228 lancibus
1548 3186 1641 3242 aequa,

139 3249 238 3313 snttar
251 3254 379 3311 immunis
390 3253 487 3325 dagrat
499 3254 522 3310 si
537 3253 618 3311 corda
628 3254 763 3325 columns,
977 3260 1107 3329 Quamvis
1117 3262 1219 3318 auratis
1232 3262 1369 3331 precellat
1385 3260 1467 3318 dbula
1482 3262 1572 3327 bullis,

141 3344 252 3403 Sanctm
265 3346 422 3419 apostolieae
434 3347 530 3403 cecinit
541 3345 604 3402 dum
619 3361 711 3404 sermo
725 3346 858 3417 loquelas:
977 3352 1101 3421 trnptinr
1116 3360 1162 3407 aut
1173 3361 1247 3408 certe
1263 3352 1407 3407 daromam
1421 3351 1507 3421 petala
1524 3351 1606 3410 lutra.

141 3436 251 3493 llcseitis
261 3438 333 3507 quod
349 3438 447 3508 templa
456 3439 504 3496 lici
517 3436 573 3493 sint
584 3437 629 3493 ilia
641 3447 741 3494 restra.
1013 3442 1069 3499 llee
1084 3443 1186 3500 laterna
1200 3443 1247 3499 tibi
1260 3442 1373 3498 silescat
1390 3441 1485 3509 vitrea,
1497 3441 1587 3514 Virgo,

142 3528 253 3599 Spiritus
268 3531 295 3584 in
310 3529 386 3585 robis
400 3528 501 3583 babitat
511 3527 564 3598 jorn
579 3528 640 3598 jure
654 3528 781 3596 tonantis,
979 3534 1098 3606 'lergprc
1110 3535 1153 3592 roi
1166 3550 1239 3603 raso,
1249 3545 1278 3591 et
1295 3535 1373 3606 lignis
1387 3543 1525 3604 compacta
1538 3534 1657 3604 salignis,

141 3622 347 3688 01121611611111
359 3618 434 3677 omar
446 3628 497 3687 ⁶⁵².
509 3629 536 3675 et
549 3619 683 3676 maculate
695 3619 819 3691 piaclum.
978 3627 1033 3684 Seu
1046 3628 1262 3683 membranarum
1273 3627 1346 3681 tenui
1361 3625 1493 3681 uelamine
1506 3623 1588 3691 lacta,

142 3713 286 3784 virginitas
295 3713 378 3785 luiget
392 3714 495 3778 lucens,
509 3720 539 3767 nt
549 3728 654 3784 gemma
666 3727 783 3780 corona,
977 3717 1128 3786 Quamlibet
1142 3727 1224 3774 serata
1238 3715 1374 3787 praecellat
1389 3716 1458 3770 lorte
1469 3714 1577 3768 lucerna

143 3801 208 3870 Quat
221 3811 304 3874 capnt
314 3805 407 3860 aterni
421 3804 560 3876 praelegit
573 3812 715 3860 stemmate
731 3805 817 3876 regim
978 3811 1032 3867 Aut
1046 3810 1134 3865 lucras
1145 3808 1251 3865 licbnns
1269 3806 1406 3863 illustrans
1422 3806 1482 3860 lnce
1495 3802 1622 3859 latebras.

143 3892 207 3950 llaec
221 3894 309 3949 calcat
322 3893 431 3965 pedibus
443 3900 548 3966 spureae
562 3896 697 3951 consortia
712 3895 787 3962 rite,
979 3899 1081 3956 Pallida
1094 3912 1145 3955 nec
1159 3897 1230 3953 lunae
1242 3905 1404 3967 spernantur
1415 3895 1514 3950 lumina
1532 3901 1624 3956 noctu,

141 3982 273 4042 Funditus
287 3984 437 4054 exstirpam
450 3986 594 4056 petulantis
609 3986 706 4060 gaudia
720 3987 820 4043 eternis.
978 3991 1083 4048 (berula
1096 3989 1161 4045 dnm
1174 3986 1261 4045 lesem
1273 3987 1390 4043 tenebris
1404 4001 1455 4041 nox
1467 3983 1564 4041 secula
1575 3982 1671 4051 iustis,

143 4079 205 4135 dori
218 4078 356 4135 materiam
368 4077 441 4150 tetri,
454 4080 636 4153 obryzumque
647 4079 784 4137 metallum
978 4084 1042 4139 l'lns
1055 4083 1118 4140 licet
1130 4097 1164 4138 es
1174 4091 1268 4138 centro
1278 4080 1354 4136 Titan
1367 4078 1515 4133 vibramina
1528 4075 1631 4142 lundat,

145 4171 183 4227 Et
194 4172 290 4242 quibus
303 4182 415 4229 ornator
427 4175 567 4243 praesentis
582 4174 704 4230 macbina
718 4174 819 4244 mnndi,
978 4175 1046 4231 ilum
1060 4173 1145 4230 nimbi
1159 4171 1273 4243 lngittnt,
1289 4168 1414 4227 ecferret
1432 4167 1549 4223 torridus
1564 4167 1659 4222 aetlrer.

144 4261 237 4318 Glarea
247 4262 280 4318 de
289 4266 392 4334 gremio
403 4265 528 4335 producit
538 4265 645 4321 sordida
658 4273 750 4335 tersae.
980 4268 1035 4324 lieo
1049 4265 1122 4337 putei
1133 4264 1239 4320 laticem
1255 4261 1436 4332 spernendum
1446 4259 1568 4316 ducimus
1582 4261 1678 4326 altum,

142 4351 185 4409 Sic
198 4360 270 4408 casta
286 4354 428 4426 integritas
441 4355 499 4410 artri
515 4354 637 4413 dammis
651 4357 739 4427 imago
981 4359 1069 4415 antlia
1084 4373 1165 4428 quesn
1180 4370 1288 4412 sursum
1300 4354 1370 4410 solet
1389 4351 1529 4409 exantlare
1542 4350 1678 4414 cisternis,

142 4442 263 4515 Gignitirr
276 4460 292 4501 e
304 4460 400 4517 spurca
417 4447 515 4504 terreni
528 4462 609 4504 earne
621 4451 751 4518 parentis.
943 4450 1108 4536 „Quamvis
1128 4449 1261 4519 precipua
1276 4445 1431 4516 precellam
1444 4444 1554 4500 domina
1568 4442 1660 4508 lentis,

144 4541 177 4600 Ut
188 4558 251 4599 rosa
265 4542 379 4613 puniceo
394 4543 522 4599 tincturas
539 4544 641 4601 murice
654 4556 766 4601 cunctas
983 4540 1093 4612 Frigida
1108 4555 1187 4610 quem
1198 4537 1293 4610 gelidis
1306 4536 1539 4607 progignitglarca
1555 4535 1682 4604 lymphis.

142 4633 343 4703 Cuccineosqtre
355 4633 435 4689 simul
449 4635 578 4705 praecellit
592 4634 673 4689 rubra
687 4634 803 4691 colores.
983 4634 1101 4705 llcrgnla
1115 4646 1166 4689 nec
1176 4633 1282 4703 penitus
1295 4630 1377 4701 nigris
1388 4629 1570 4686 contemnitur
1584 4627 1644 4691 alis,

143 4721 243 4777 Pallida
255 4736 403 4793 purpureas
415 4732 444 4777 ut
454 4723 538 4793 gignit
550 4723 641 4793 glarea
655 4738 788 4794 gemmas,
983 4729 1129 4800 inglusiem
1145 4728 1246 4784 renuis
1259 4724 1410 4795 squamosis
1425 4722 1541 4792 piscibus
1556 4721 1680 4790 implens,

143 4811 329 4870 Palreralema
343 4816 408 4884 tegit
420 4830 487 4884 quas
499 4814 589 4885 spurci
606 4814 711 4885 glebula
725 4816 805 4872 ruris.
984 4821 1111 4877 Garrulus
1125 4828 1173 4875 aut
1187 4818 1269 4875 ctiam
1280 4817 1386 4873 vilescit
1398 4813 1538 4886 gracculus
1551 4823 1619 4876 ater,

143 4904 177 4961 bt
191 4905 241 4962 llos
256 4905 404 4962 bareseeos
418 4906 523 4962 scandit
533 4906 566 4961 de
580 4905 681 4962 cortice
694 4908 770 4962 eornl
982 4914 1033 4982 Qni
1048 4920 1167 4983 segetum
1181 4909 1296 4980 glumas,
1311 4915 1339 4962 et
1350 4906 1403 4960 laeti
1414 4904 1530 4972 cespites
1547 4915 1628 4957 occas

142 4993 275 5066 tmpore
287 4997 402 5063 seruoli,
414 4996 477 5052 dum
492 4996 591 5068 promit
601 4998 720 5068 germina
735 4997 822 5055 tellus.
985 5001 1155 5073 Depopulare
1167 5002 1267 5062 studet,
1284 5009 1399 5064 carpens
1417 4993 1452 5049 de
1465 5006 1554 5048 messe
1568 4991 1717 5062 maniplos,

143 5087 268 5159 bactplua
280 5097 310 5144 nt
319 5087 406 5144 dulcis
419 5087 556 5145 trondenti
567 5088 667 5146 rertlee
678 5091 776 5161 palmas
982 5093 1140 5162 Quanquam
1154 5088 1299 5145 versicolor
1314 5085 1440 5141 durescat
1456 5098 1544 5154 penna
1559 5085 1684 5156 mannis,

141 5178 305 5235 'lruditnret
319 5180 393 5235 sicco
409 5179 545 5250 praenatis
560 5180 652 5251 stipite
671 5181 773 5251 prolem
984 5185 1018 5240 Et
1030 5192 1130 5238 teretes
1142 5179 1250 5235 rutilent
1263 5177 1325 5248 plns
1336 5177 1417 5233 mbro
1430 5180 1532 5233 murice
1546 5178 1628 5250 cpoli,

142 5267 212 5325 lloio
224 5271 259 5325 de
273 5272 376 5327 concba
388 5281 417 5326 ut
431 5270 507 5342 ponti
517 5272 644 5329 sordente
658 5273 791 5330 nitescens
984 5276 1066 5347 Cujus
1076 5273 1193 5329 lormosa
1208 5270 1312 5340 speeies
1328 5279 1356 5327 et
1370 5269 1440 5325 lulra
1454 5279 1595 5338 venustas,

142 5360 278 5430 Nascitur,
291 5371 319 5418 et
332 5363 441 5432 proprio
456 5374 568 5422 matrem
590 5364 718 5434 praecellit
730 5365 843 5424 bonose.
983 5367 1078 5423 θιιιιῑι
1092 5364 1229 5419 labrorum
1246 5376 1327 5433 porro
1339 5362 1474 5418 molimina
1489 5362 1581 5418 uincit.

140 5451 285 5522 Squalidus
305 5462 336 5510 ut
347 5452 423 5511 sablo
435 5455 519 5526 spreti
533 5455 585 5511 sub
597 5454 700 5525 cespite
711 5457 792 5524 ruris,
984 5460 1028 5516 Sic
1041 5471 1115 5521 caro.
1126 5454 1276 5511 tuirandum
1290 5453 1358 5520 latu,
1374 5462 1528 5524 putrescerc
1541 5453 1637 5519 nescit.

140 5543 255 5609 Braetea
270 5544 394 5601 flaventis
405 5545 539 5615 depromit
552 5547 594 5602 llla
610 5546 723 5604 metalli.
985 5552 1020 5608 Ut
1033 5549 1153 5606 relerrtrtt
1171 5549 1248 5606 nobis
1264 5555 1385 5604 temtum
1400 5545 1560 5601 documenta
1575 5545 1688 5601 risurum

140 5631 250 5689 ilibino
264 5636 330 5690 serra
343 5635 468 5692 claudam
481 5637 664 5708 paradigmata
676 5652 768 5703 versu.
984 5643 1060 5708 Quod
1073 5640 1190 5711 signum,
1203 5649 1232 5695 et
1245 5638 1352 5708 species
1362 5646 1404 5694 est
1414 5637 1575 5707 virginitatis
1592 5641 1686 5695 amani·

139 5724 187 5782 Sic
201 5739 280 5784 mora
294 5725 431 5796 rirginitas
444 5730 575 5786 coelosnrn
587 5737 660 5799 grata
672 5730 777 5789 colonis
984 5734 1049 5800 Qua
1064 5729 1169 5788 calcare
1180 5728 1250 5785 solet
1263 5727 1360 5784 devota
1375 5733 1465 5783 ments
1480 5725 1607 5784 uelandas
