3810 6114
129 370 185 429 ⁸55

789 370 867 425 iiiii
888 369 917 425 S.
939 364 1117 423 comittitur.

1711 370 1765 428 tiis·

129 478 209 535 sabis
218 478 366 550 magnilica
379 479 437 533 thlei
445 486 541 534 restrae
551 481 819 543 constantiumotc.»
833 478 925 548 (i'iiie,
942 484 962 536 ,i
977 475 1099 532 ccclesiae
1111 475 1302 538 instaurantur,
1318 474 1481 528 innascens
1496 475 1671 533 adificantur.
1687 481 1764 539 Tunc

126 570 214 639 infra,
225 570 301 639 episi.
317 567 358 637 8.)

288 661 348 716 xi.
365 690 399 701 -
414 661 447 714 Et
461 660 556 730 populo
571 662 773 735 Thuriuporurrt.

166 754 344 824 sGregorius,
355 767 451 808 sersus
460 768 600 808 serrarum
614 755 671 815 bei,
684 752 814 806 universo
826 748 926 818 populo

117 846 339 914 Juurtnporurn.
369 844 497 905 Dominus
511 842 590 898 lesus
604 841 729 898 Christus
753 840 837 895 Filius
864 838 924 903 ilci,

132 940 204 997 Deus
216 950 307 1005 serus,
324 944 392 990 cies
411 934 588 1004 (Videbam,
604 936 679 1005 epist.
697 933 737 1002 7.)

261 1064 268 1087 .
367 1024 437 1079 iiii.
453 1053 488 1066 -
502 1024 700 1078 Altsoaorribtts.

175 1118 338 1188 rGregorius
353 1130 419 1185 papa
435 1114 667 1185 universopopulo
681 1110 827 1184 provincia,
838 1109 927 1163 iitsa-

131 1224 246 1269 anuum.
269 1209 441 1277 sapientibus
465 1217 492 1263 ei
513 1207 702 1279 insipientibus
728 1205 836 1261 debitor
856 1216 927 1266 sum.

133 1302 231 1358 iratres
243 1299 405 1368 charissimi,
420 1308 493 1355 cic.»
510 1298 600 1371 (Vide,
615 1298 776 1370 intrmepist.
786 1293 828 1358 li.)

167 1415 291 1473 iixii.-
303 1413 395 1470 Coroio
407 1413 470 1467 dure
480 1413 613 1484 probante,
628 1411 723 1467 Hessos
735 1408 892 1480 opprenitur.

168 1506 316 1562 Tantarum
333 1503 421 1573 itaquo
436 1503 585 1557 litterarum
609 1502 768 1556 auctoritaie
792 1496 928 1558 snliuitus,

134 1607 245 1653 amotus
273 1595 370 1665 prasci
398 1592 551 1649 llouiiacius
576 1590 756 1664 proficiscitur
780 1585 930 1644 iuGerma·

135 1690 220 1754 uiam,
234 1685 396 1755 rcuiensque
410 1684 444 1739 ad
464 1681 605 1755 prelatum
628 1682 777 1753 principem
791 1676 929 1740 Carnium,

134 1780 239 1835 litteras
249 1775 274 1832 ei
285 1774 396 1831 llourani
411 1773 543 1845 poniilicis
555 1773 661 1838 detulit,
676 1784 790 1841 seseque
803 1768 873 1823 iilius
883 1765 929 1819 do·

136 1865 224 1923 minio
250 1876 331 1937 atque
356 1864 506 1937 patrocinio
526 1864 691 1934 subjiciens,
706 1877 766 1918 cum
789 1873 924 1914 consensu

139 1958 203 2030 rjus
219 1957 247 2014 in
262 1957 406 2013 ilessorum
422 1968 517 2024 metas,
529 1956 625 2027 quibus
644 1965 672 2011 ei
682 1964 759 2010 antea
779 1951 925 2023 praedicare

137 2048 405 2121 coeperat,perrerit.
419 2049 483 2104 ilinc
493 2048 721 2120 erpoadreniens,
731 2046 829 2115 reperii
838 2043 926 2112 piures

973 566 1053 621 etiam
1067 575 1224 636 congregata
1236 580 1374 621 scarorum
1386 565 1433 620 bei
1446 567 1625 630 multitudiue.
1641 581 1765 627 constru-

974 665 1047 710 ctam
1061 667 1103 710 est
1114 656 1304 711 monasterium
1313 655 1340 709 in
1354 655 1469 725 incoqui
1485 656 1583 711 diciiur
1597 657 1704 722 Ordori,
1716 663 1767 714 sub

976 748 1080 803 honore
1093 750 1178 803 saucii
1190 748 1328 803 lliohaetis
1343 748 1507 817 archangeli.
1529 749 1579 815 Qui
1593 750 1696 805 seilicet
1709 767 1768 805 orn-

977 854 1026 895 nes
1038 840 1185 907 apostolico
1195 854 1270 894 more
1284 841 1418 901 viventes.
1436 841 1528 894 labora
1544 841 1654 910 proprio
1668 842 1770 897 rictum

977 933 1158 998 vestitumque
1170 932 1363 999 acquisieram.
1388 928 1444 985 Cur
1453 939 1541 986 aaran
1554 931 1582 984 in
1597 931 1701 987 honore
1710 946 1770 986 san·

977 1018 1014 1072 eti
1035 1018 1171 1074 liietraeiis
1183 1027 1365 1074 constructum
1386 1018 1466 1074 inerit
1478 1021 1547 1077 idem
1558 1022 1768 1086 monasterium,

978 1108 1098 1165 brevitor
1124 1108 1279 1163 dicendum.
1300 1109 1366 1164 iiam
1391 1124 1453 1163 cum
1480 1123 1590 1165 sauctus
1618 1110 1770 1167 lioniiaeius

979 1198 1152 1269 praedicando
1163 1208 1191 1255 ct
1204 1198 1362 1268 baptisando
1376 1202 1402 1254 iu
1413 1201 1584 1271 Thurinpiarn
1594 1207 1730 1269 transiret,
1742 1213 1772 1258 es

980 1304 1062 1359 prope
1090 1290 1245 1344 iiumcncui
1273 1290 1536 1355 uomenestOrabs,
1564 1293 1686 1347 tentoriis
1709 1292 1770 1347 iisis

980 1390 1173 1451 pernoctaret,
1189 1388 1252 1437 tuuc
1267 1396 1314 1453 per
1330 1390 1412 1438 totam
1428 1391 1534 1439 noctem
1561 1383 1606 1440 iux
1627 1387 1771 1455 magrado

979 1471 1050 1526 ciclo
1065 1486 1125 1526 sese
1140 1471 1313 1539 protendens,
1327 1472 1415 1527 locum
1435 1472 1478 1527 ubi
1493 1474 1616 1530 mancini
1629 1476 1770 1547 episcopus

980 1560 1156 1617 etrcrrmiutsit
1173 1580 1182 1618 a
1198 1563 1225 1616 in
1240 1578 1291 1632 qua
1305 1565 1386 1618 etiam
1400 1563 1460 1619 luce
1474 1575 1584 1620 sanctus
1598 1567 1709 1622 biiohaei
1726 1583 1771 1621 ar-

981 1652 1128 1722 changelus
1142 1653 1298 1716 adveniens,
1312 1653 1438 1722 episcopo
1451 1656 1586 1724 apparuit,
1599 1672 1716 1726 euinque
1726 1659 1768 1712 sl·

983 1742 1106 1810 linquens,
1122 1742 1149 1795 in
1164 1740 1278 1796 iiomino
1290 1742 1461 1797 confortarit.
1485 1744 1562 1799 lianc
1577 1745 1665 1813 itanue
1679 1747 1770 1810 iacto,

944 1832 967 1891 B
979 1831 1090 1888 laudans
1099 1840 1127 1887 ei
1137 1832 1298 1888 benedicens
1309 1833 1659 1896 Deum,ibidenrurissarnm
1667 1836 1767 1891 solens-

976 1924 1019 1979 nia
1033 1924 1190 1980 celebrarit.
1215 1924 1317 1981 Deinde
1331 1927 1359 1981 in
1373 1925 1468 1981 eodem
1490 1926 1551 1982 ioco
1564 1929 1705 1996 prandium
1718 1929 1770 1985 sibi

978 2017 1064 2087 parari
1080 2017 1248 2086 praecipiens,
1262 2016 1311 2072 sed
1323 2031 1339 2070 a
1353 2017 1478 2073 ministro
1487 2034 1536 2074 stro
1550 2019 1664 2076 audieus
1675 2021 1766 2077 cibum

141 2158 175 2199 es
185 2142 226 2197 eis
237 2140 495 2197 rolietaChristiauae
504 2140 637 2212 religionis
651 2141 753 2195 cultura
768 2138 928 2192 variiscrro·
976 2121 1030 2177 ‘¹¹¹⁰
1046 2107 1325 2177 ‘'⁰³⁰ip⁰¹⁸³‘⁸⁸¹¹⁰'¹
1341 2108 1453 2174 ''wer‘’
1481 2110 1642 2179 ¹⁰⁸⁰⁰¹¹¹¹⁴²
1672 2111 1768 2166 ΝΟΜ

137 2234 214 2291 ribus
225 2234 385 2305 implicatos.
402 2233 454 2289 stit
469 2249 584 2304 namque
594 2234 672 2304 lignis
685 2243 712 2288 et
725 2231 845 2286 lontibus
855 2230 925 2284 eiam

138 2324 181 2381 sei
194 2333 287 2395 aperte
301 2322 498 2393 saeriilcabaui,
522 2323 566 2377 alii
581 2336 645 2378 roro
676 2320 807 2392 aruspicia
819 2328 846 2375 ci
859 2319 928 2374 diri·

138 2416 273 2481 nationes,
285 2414 418 2485 praestigia
434 2424 460 2470 ct
470 2414 665 2469 incantationes
676 2411 851 2477 exercebant3
866 2408 927 2481 qui·

138 2506 201 2561 d..m
220 2514 309 2561 autern
320 2505 370 2559 alia
383 2503 497 2561 uelanda
513 2504 633 2574 quaedam
647 2503 785 2573 sacrilegia
806 2501 928 2557 intende-

140 2596 205 2651 bant
220 2635 229 2663 ,
246 2595 321 2663 pauci
330 2594 357 2651 itr
379 2596 421 2650 ria
445 2595 563 2651 veritatis
574 2611 651 2665 quam
677 2594 759 2649 semel
772 2600 931 2673 acceperant

141 2685 323 2754 perstiterant.
338 2684 455 2754 Quorum
468 2686 548 2740 ctiam
562 2685 673 2741 consilio
687 2684 811 2739 arborem
832 2697 928 2753 quam-

142 2774 206 2830 dam
217 2776 290 2831 nrirac
302 2775 501 2846 magnitudinis,
513 2776 665 2846 quapriseo
677 2788 838 2845 paganorum
852 2788 931 2827 roca·

142 2868 208 2925 bulo
231 2868 415 2938 appellabatur
435 2868 516 2925 arbor
539 2868 626 2933 loris,
651 2869 677 2922 in
690 2869 748 2922 loon
770 2867 815 2934 nui
834 2866 930 2922 dicitur

141 2956 281 3023 (lamere,
295 2958 382 3013 serris
395 2957 442 3014 bet
457 2973 548 3014 secum
561 2957 711 3012 astantibus
721 2958 859 3013 succidere
870 2966 928 3011 ten·

142 3051 216 3108 iasii.
234 3049 273 3106 ii
281 3049 430 3121 ejusdmodi
444 3060 532 3107 autern
546 3050 652 3106 arboris
663 3049 818 3105 incisionem
834 3063 929 3119 magna

143 3157 305 3215 paganorum
320 3142 463 3200 rnuititudo
487 3143 631 3208 concurrit,
656 3142 794 3212 cupientes
808 3142 835 3199 in
864 3156 929 3196 san-

143 3241 215 3286 ctum
229 3231 336 3297 sirum,
352 3228 426 3288 reltii
452 3231 588 3288 inimicum
601 3232 713 3289 deorum
727 3246 845 3299 suorum,
861 3231 931 3287 inter

140 3320 200 3389 ipsa
215 3320 352 3377 incisionis
362 3336 441 3392 opera
456 3322 559 3380 irruere
572 3332 600 3379 et
613 3323 773 3379 interlicere.
799 3324 851 3379 Sed
866 3324 930 3379 dum

143 3412 237 3468 cadens
251 3415 387 3485 paululum
396 3414 570 3480 incideretur,
586 3430 646 3469 mox
660 3417 736 3485 quasi
752 3426 827 3487 nutu,
841 3414 932 3469 diuino

143 3505 254 3573 agitata,
282 3507 439 3575 inquaiuor
467 3515 556 3575 partes
579 3506 699 3574 disrupta
713 3518 763 3560 est.
791 3503 849 3573 Quo
864 3503 931 3571 riso,

142 3596 250 3668 pagani,
263 3595 309 3665 tpri
323 3596 388 3651 illuc
405 3607 495 3652 mente
510 3612 632 3664 perversa
646 3607 843 3665 convenerant,
860 3595 933 3664 abji-

133 3672 248 3739 'cientes
258 3697 366 3739 omnem
378 3683 518 3749 malitiam,
528 3684 767 3756 benedicentesque
782 3684 848 3753 beo,
874 3700 932 3740 cre·

144 3774 281 3827 diderunt.
310 3773 386 3828 'lune
402 3782 510 3827 sanetus
534 3774 651 3843 praesul,
667 3776 780 3829 consilio
794 3776 859 3828 inito
871 3789 931 3829 cum

144 3862 282 3925 iratribus,
307 3876 342 3916 er
356 3860 400 3918 ills
429 3862 545 3931 ingeniis
568 3862 671 3916 arb-tris
695 3865 766 3919 runis
785 3866 931 3920 oratorium

142 3954 302 4020 coristrusii,
328 3953 467 4025 hocquciu
481 3953 608 4008 bonorem
626 3956 710 4010 sancti
726 3956 797 4010 Petri
820 3958 932 4025 apostoli

142 4046 288 4102 dedicavit.

144 4155 238 4215 ixtti.
253 4155 333 4210 -in
361 4156 502 4227 Thurinpio
532 4159 611 4229 salsos
637 4157 796 4214 Christianos
815 4160 931 4218 reoirrcit.

179 4228 337 4308 Ordortettss
362 4229 541 4282 tuonosterittrtt
556 4230 642 4284 condit
657 4229 789 4297 liirimeii,
812 4246 863 4298 prta
890 4246 933 4284 oc-

177 4313 288 4352 casusne.

177 4388 227 4445 iiis
244 4391 332 4459 itaque
347 4390 470 4459 peractis,
485 4392 519 4446 ad
540 4391 713 4463 Thuringiam
726 4407 832 4462 quoque
845 4393 932 4460 parole·

976 2197 1023 2268 qui
1035 2197 1231 2254 multitudinem
1249 2197 1339 2267 populi
1352 2198 1674 2270 indeserioquadragiuta
1688 2202 1769 2256 srrnis

980 2303 1079 2342 rrrtruna
1095 2287 1129 2345 dc
1147 2290 1218 2344 cmlii
1232 2288 1315 2344 rui-so
1339 2292 1423 2358 potuit
1438 2306 1557 2360 pascere,
1585 2294 1649 2349 turibi
1664 2295 1771 2364 turritano

978 2396 1116 2436 servosne
1128 2396 1181 2435 non
1197 2381 1323 2450 praevalet
1336 2381 1369 2436 ad
1384 2383 1527 2439 uniusdiei
1542 2384 1714 2441 reiectionem
1729 2400 1773 2440 es·

978 2485 1037 2526 carn
1051 2472 1228 2540 impendero?
1244 2471 1307 2527 lianc
1318 2486 1379 2527 oum
1394 2472 1514 2538 dixisset,
1526 2484 1651 2530 uirrrcnsa
1660 2473 1712 2529 sibi
1725 2488 1773 2543 ap·

979 2574 1123 2633 poneretur
1137 2564 1274 2631 praecepit.
1299 2564 1399 2617 lrrturer
1416 2563 1537 2631 quisdam
1561 2563 1770 2629 arisadrolaus,

979 2656 1079 2726 piscem
1097 2656 1176 2710 talem
1187 2657 1231 2723 qui
1243 2655 1275 2709 ad
1296 2656 1374 2709 unius
1386 2655 1438 2709 diei
1453 2655 1626 2711 relectionem
1636 2655 1773 2712 sulllceret

979 2744 1079 2809 attulit,
1103 2754 1131 2799 ei
1144 2754 1207 2799 ante
1217 2759 1336 2800 meusmn
1346 2744 1467 2815 projecit.
1490 2746 1549 2811 Quo
1574 2747 1643 2811 riso,
1665 2756 1773 2802 sancius

980 2835 1076 2906 presul
1089 2834 1246 2905 beogratias
1253 2834 1351 2900 retulit,
1361 2835 1512 2904 piscemque
1522 2836 1631 2890 allatum
1641 2836 1696 2891 cito
1706 2850 1774 2902 prar-

980 2927 1067 2998 pnrari
1079 2926 1168 2997 jussit.
1182 2926 1229 2981 ilio
1243 2940 1306 2981 sero
1317 2935 1465 2995 praeparato
1478 2935 1505 2981 et
1519 2941 1639 2992 comeso,
1649 2926 1775 2997 reliquias

981 3017 1007 3073 iu
1019 3017 1118 3075 humen
1132 3016 1226 3088 projici
1238 3016 1375 3086 praeopto.

1101 3108 1197 3165 iirtiit.
1208 3138 1244 3150 -
1256 3107 1331 3163 Unde
1353 3108 1407 3162 hoec
1420 3109 1544 3177 acceperit
1555 3116 1655 3162 nector.

942 3188 967 3249 C
1017 3200 1119 3257 Exinde
1132 3210 1250 3270 creptum
1273 3214 1386 3268 carpens
1400 3200 1452 3255 iser
1473 3211 1499 3255 et
1523 3199 1699 3268 Tirurirrriam
1713 3214 1773 3270 per·

985 3306 1092 3364 agraus,
1108 3292 1251 3362 diligenter
1263 3292 1442 3360 investigarit,
1456 3291 1533 3360 cuius
1544 3292 1588 3347 iiio
1602 3292 1677 3347 locus
1689 3299 1773 3355 esset,

985 3382 1109 3440 tibicinio
1125 3393 1199 3439 tanta
1212 3381 1263 3437 sibi
1276 3383 1407 3452 apparuit.
1419 3383 1616 3452 Corrrpcrtoquc
1636 3388 1707 3451 ttucd
1723 3383 1774 3437 ihr-

982 3491 1027 3549 po,
1040 3479 1085 3549 qui
1100 3476 1239 3532 dicebatur
1249 3475 1355 3543 Senior,
1367 3474 1438 3530 iilius
1453 3477 1503 3531 inci
1527 3490 1665 3543 possessor
1689 3488 1771 3544 esser,

983 3568 1062 3639 petiit
1074 3569 1108 3622 ab
1118 3582 1153 3623 eo
1167 3568 1257 3624 nisibi
1267 3568 1332 3623 darc
1345 3567 1509 3636 dignaretur.
1524 3569 1559 3623 bi
1569 3570 1614 3624 iiie
1628 3570 1707 3638 petita
1721 3584 1772 3623 an·

983 3672 1079 3724 uncus,
1103 3659 1206 3726 prinus
1230 3657 1349 3711 omnium
1374 3657 1570 3725 Thuriuporurn
1591 3658 1774 3716 hereditatem

983 3763 1058 3807 suam
1073 3749 1181 3804 tradidit
1195 3747 1346 3804 reiterando
1358 3749 1482 3817 prauum
1494 3748 1591 3804 deindo
1606 3764 1670 3805 reso
1692 3752 1773 3807 iiior

986 3838 1086 3911 aliique
1096 3839 1186 3910 piures
1198 3840 1321 3907 contigua
1331 3838 1459 3908 predicto
1469 3840 1528 3895 ioco
1542 3843 1641 3909 pra-dia
1656 3843 1773 3900 tradide-

984 3941 1056 3986 runt.
1072 3931 1119 3986 ilis
1132 3930 1210 3999 igitur
1221 3929 1335 4000 adeptis,
1356 3942 1464 3983 sanctus
1481 3931 1533 3985 Bau
1546 3934 1629 3988 incius
1645 3936 1773 4001 redicas,

984 4019 1119 4076 incudem
1134 4022 1193 4078 loco
1204 4021 1317 4077 irutecta
1331 4019 1493 4090 exstirpare,
1510 4032 1662 4097 terramque
1678 4029 1775 4084 incole·

984 4126 1014 4167 re
1034 4112 1124 4183 jussit,
1137 4123 1175 4179 ei,
1189 4114 1262 4181 jacto
1287 4111 1471 4179 liniamento,
1493 4115 1635 4172 ecclesiam
1656 4121 1776 4175 construi

985 4204 1058 4262 iecit.
1087 4204 1149 4260 llaec
1170 4214 1259 4259 autern
1275 4205 1301 4259 iu
1322 4205 1391 4260 libro
1409 4206 1525 4273 quodam
1545 4209 1656 4278 antiquo
1674 4210 1774 4282 scripta

985 4295 1133 4366 reperiens,
1145 4295 1204 4351 iiten
1216 4295 1465 4380 insereredeereri,
1480 4304 1520 4365 ut,
1534 4299 1624 4368 agnita
1637 4316 1718 4358 musa
1728 4318 1776 4358 un·

984 4390 1018 4446 de
1032 4393 1221 4447 mnirasterium
1249 4392 1405 4462 pradictum
1431 4403 1597 4451 exstructum
1626 4398 1718 4465 luerit,
1743 4411 1771 4457 ei

141 4491 201 4537 cius
213 4489 268 4547 esi,
283 4480 406 4551 illiusque
421 4482 510 4552 popuii
525 4484 658 4553 principes
674 4498 814 4555 magnaei
829 4494 902 4551 parte
916 4501 930 4537 a
987 4486 1132 4553 ipseiorus,
1146 4496 1173 4539 ct
1186 4484 1389 4556 hrudatorejus,
1402 4488 1519 4557 angelica
1531 4489 1683 4546 visitatione
1693 4490 1775 4563 digni,

142 4573 291 4629 carissima
299 4575 588 4644 reiigioaedelieieuies
596 4578 730 4647 corripere
737 4578 847 4634 studuit.
860 4578 936 4635 Poet-

142 4680 222 4736 tpraur
233 4667 305 4721 enim
317 4666 503 4736 religiosorum
514 4667 611 4722 ducrum
621 4667 771 4722 dominatio
784 4669 810 4722 in
823 4669 864 4722 eis
875 4682 936 4723 ces·

144 4756 233 4821 sarii,
252 4771 359 4811 cessare
380 4759 461 4812 eiiam
486 4757 643 4813 Cirristiauae
664 4757 802 4827 religionis
826 4759 937 4815 intentio

143 4848 227 4914 corruit
240 4863 248 4912 ;
262 4846 375 4917 laisique
389 4846 497 4915 quidam
512 4844 672 4911 Christiani,
686 4862 799 4916 quorum
826 4848 936 4904 uomina

990 4578 1039 4631 iub
1055 4578 1226 4632 reiteratione
1240 4578 1334 4647 majori
1346 4580 1502 4635 habeantur.

1059 4664 1142 4721 xri.
1154 4696 1190 4707 —
1204 4666 1385 4739 cooperatores
1398 4684 1431 4723 ea
1444 4668 1580 4724 Britannis
1591 4672 1705 4726 ascribit.

1024 4754 1176 4813 l'raedicaus
1189 4774 1254 4828 erpo
1265 4767 1293 4813 ei
1304 4758 1442 4829 baptisans
1457 4770 1565 4815 carnotus
1582 4762 1678 4830 praesul
1695 4762 1775 4819 llorri·

988 4845 1070 4902 lacius
1085 4849 1112 4901 in
1126 4849 1321 4917 'lhurirrgurum
1339 4858 1366 4903 ci
1378 4850 1522 4903 hessorum
1539 4852 1702 4920 regionibus,
1716 4868 1777 4922 per-

143 4950 208 4995 sunt
223 4939 362 4994 hrothuin
373 4947 401 4995 et
412 4939 543 5001 iiorriiori
560 4938 708 4994 Cunbereib
720 4948 746 4995 et
761 4939 881 5006 iiunred,
895 4943 935 4996 in·
986 4938 1075 5005 sperit
1086 4952 1200 4992 uresseur
1212 4940 1318 5007 quidem
1328 4938 1506 4992 esasrnultam
1518 4940 1566 5006 ibi,
1577 4940 1624 4993 sed
1635 4944 1774 5010 operarios

144 5030 439 5097 tereosirospirames,
468 5028 611 5082 maximam
639 5027 770 5085 iraereticae
798 5032 935 5099 prauitatis
988 5031 1133 5096 pauensad
1155 5028 1291 5096 copiosam
1316 5028 1511 5085 multitudinem
1539 5033 1706 5092 credentium
1735 5038 1777 5094 lrr·

146 5122 359 5185 introduxerunt
377 5129 490 5177 sertam.
515 5121 567 5188 Qui
589 5122 691 5176 scilicet
716 5121 891 5179 fornicatores
906 5134 935 5179 ei
985 5122 1150 5178 struendam.
1161 5120 1235 5177 llnda
1249 5123 1275 5176 iu
1284 5120 1445 5190 provinciam
1457 5126 1705 5196 patriamquesuam
1716 5132 1776 5186 mii·

141 5210 272 5279 adulteri,
288 5226 349 5265 rum
371 5208 563 5265 validissimum
586 5210 862 5267 adsersuslrominem
886 5213 932 5269 liei
986 5223 1055 5279 ieris,
1069 5213 1170 5269 exinde
1198 5220 1251 5267 tatu
1277 5212 1390 5269 tentnas
1416 5229 1497 5283 quarn
1524 5218 1596 5273 risos
1619 5220 1773 5291 religiosos,

142 5303 295 5357 excitarunt
310 5299 476 5365 corrhieium,
500 5298 571 5354 reris
584 5298 727 5355 verbor-uin
757 5300 931 5371 oppositioni
985 5302 1149 5371 scientiaque
1160 5304 1232 5357 saria
1243 5302 1370 5370 imbutos,
1385 5306 1576 5374 pluressenire
1590 5307 1662 5372 iecit,
1679 5309 1774 5381 suique

140 5392 193 5449 bas
207 5392 347 5458 coniurati,
363 5391 471 5461 diprram
485 5392 744 5461 recompensationis
771 5390 859 5447 sortiti
869 5399 933 5448 surrt
986 5395 1087 5451 laboris
1100 5410 1169 5451 onus
1184 5397 1313 5452 intereos
1325 5396 1426 5451 irrisit.
1442 5397 1513 5454 inter
1527 5413 1593 5469 qnos
1612 5407 1690 5455 erant
1705 5416 1776 5470 pras·

139 5486 315 5542 warentiam.
341 5483 406 5538 llam
418 5484 642 5539 exeommunicati
656 5495 683 5540 ct
700 5484 804 5556 expulsi
820 5493 884 5540 sunt
898 5484 933 5543 de
984 5484 1056 5557 cipni
1067 5485 1117 5540 riri
1132 5485 1300 5543 borotranins
1310 5496 1338 5543 et
1359 5488 1461 5554 Lurius,
1475 5487 1606 5544 wittibati
1618 5497 1647 5545 et
1661 5489 1776 5548 Wunrri-

141 5574 276 5633 Ecclesia.
292 5574 357 5630 curn
369 5582 456 5630 autem
473 5573 669 5644 predicationis
682 5574 741 5646 ojus
757 5573 826 5630 lama
852 5575 933 5631 undi-
986 5576 1039 5633 balt
1055 5574 1136 5633 iraicr
1156 5576 1236 5646 ejus,
1252 5577 1334 5633 Wrtts
1346 5587 1374 5630 et
1384 5576 1554 5648 Gregorius·
1570 5576 1697 5638 :tenuius
1711 5596 1777 5640 sero

140 5680 195 5737 rue
204 5672 353 5733 emanaret,
366 5664 587 5735 credentiumque
598 5665 738 5720 multitudo
751 5658 931 5734 excrevisset,
986 5666 1129 5737 religiosae,
1145 5676 1287 5722 rnatertera
1316 5665 1419 5723 scilicet
1446 5666 1530 5722 saneti
1561 5665 1638 5737 iniit,
1667 5676 1777 5731 semiss

176 5783 190 5813 ¹
208 5773 293 5831 i‘auio
309 5772 387 5830 aliter
401 5786 560 5844 arronyrnus.
578 5772 648 5828 illios
663 5788 694 5827 ra
704 5783 778 5844 pente
789 5788 844 5842 ssu,
866 5774 934 5831 olins
984 5790 1015 5832 aa
1029 5784 1101 5847 parte
1114 5774 1244 5843 isanriae,
1259 5774 1482 5833 ronnaiimttan
1496 5776 1777 5846 ministraberit·
