3832 6114
580 334 592 343 ψ
671 301 750 358 ll'ta
768 300 798 360 8.
819 304 978 363 ΑΜΒΒΟΞΙΙ
998 306 1181 363 autmari.

1657 287 1738 368 aare

102 398 194 483 diam,
223 416 354 486 nirtmqse
384 407 507 484 operandi
537 415 693 470 beuumnon
729 418 888 485 praecanitur
901 422 925 481 Α
939 419 1334 490 ulianeroepeieicorrprnentiirrr
1347 424 1461 478 roborari
1480 437 1562 491 erant,
1576 398 1637 496 quire
1657 443 1723 496 pne-

102 489 213 543 rcientint
225 488 339 553 domm:
357 488 419 543 ratis
431 486 495 540 milii
512 492 559 549 ert,
583 485 700 551 flamine,
721 487 828 541 etaltera
841 490 902 543 lte··

102 559 231 641 ictemqrre
250 573 314 611 esre.
334 555 423 626 Neque
447 557 513 610 euim
526 557 584 610 ideo
598 557 709 625 patriam
722 568 889 626 parentesque

102 628 204 695 reliquo,
228 635 256 678 ιιι
270 625 332 679 mitri
347 625 459 680 scientia
478 623 547 679 douo
568 625 709 697 largireris,
725 627 769 680 seri
782 635 809 680 ιιι
829 644 889 690 per·

103 699 210 752 lectione
221 697 342 749 uirtutum
356 696 389 748 ud
402 696 478 749 uitam
498 703 619 750 celerumu
640 696 801 764 perduceres.
818 696 888 752 Nola

102 776 168 821 certe
179 765 246 819 isone
259 766 490 819 commutationem.
515 765 590 830 Quod
609 766 632 817 ci
651 775 756 833 atraque
769 782 822 820 uon
837 784 889 821 me·

103 852 171 901 reor,
194 836 336 891 doctrinam
354 836 450 890 seilicet
475 844 551 905 atque
575 836 747 901 operationem
770 850 780 889 .·
802 837 888 907 auia,

102 921 198 974 qnoero,
212 905 365 969 doctrinam,
381 911 480 958 toulnm
499 914 527 958 ut
541 905 638 958 tribuas
653 907 825 976 operationem
839 907 897 966 rte-⁷

104 985 196 1030 turtum.
215 975 319 1029 Utirranr
341 976 358 1028 ii
380 975 424 1044 qui
442 973 537 1030 studiis
565 975 649 1029 sacris
664 975 806 1030 intendunt
832 975 890 1030 aui-

104 1060 188 1109 raum,
202 1042 283 1098 simili
301 1045 427 1099 instinctu
448 1052 605 1123 moueantur
623 1045 731 1099 omnes!
756 1043 831 1112 Quod
845 1059 889 1104 ve·

102 1115 150 1239 Lim
171 1115 306 1185 praecipue
330 1113 469 1170 attendant
495 1115 579 1170 nostri
603 1113 648 1184 qni
668 1115 764 1171 litteris
785 1115 890 1170 incum-

121 1191 179 1238 uut.

138 1250 166 1307 8.
178 1252 262 1320 Quem
272 1253 371 1309 mactis
380 1252 502 1309 Patribus
513 1252 722 1311 lueritaddictus
732 1252 888 1323 Autpcrtrrs,

106 1321 228 1390 pleribus
238 1324 264 1378 Ιιι
281 1324 346 1380 lucit
360 1333 511 1389 attestatur,
534 1326 668 1392 praecipue
682 1323 708 1377 irr
723 1323 776 1378 lirre
799 1323 888 1379 librix

105 1393 146 1446 lrls
159 1393 267 1448 verbis:
283 1395 413 1460 Quantam
432 1396 516 1463 itaque
528 1394 561 1446 od
578 1394 639 1463 fidei
651 1394 740 1448 attinet
760 1395 891 1447 rectitudi-

103 1478 172 1528 nem,
185 1463 221 1517 ita
235 1463 261 1518 in
275 1464 383 1535 singniir
397 1465 527 1519 seutentiit
539 1474 614 1517 cunta
628 1470 742 1517 aemulat
754 1464 889 1533 expositio,

102 1540 130 1585 nt
141 1533 165 1586 ri
177 1531 241 1602 porte
254 1550 293 1588 me
303 1535 410 1589 noluerit
419 1536 446 1588 iu
458 1534 497 1588 leis
510 1533 713 1603 reprehendere,
735 1533 890 1604 reprenhen-

102 1602 149 1655 dat
167 1603 243 1656 etiarn
257 1603 297 1675 (ιιι
308 1605 341 1658 de
355 1604 441 1659 mallis
464 1620 562 1673 pancos
575 1602 778 1674 commemorem)
795 1601 890 1657 Hiera-

103 1687 216 1742 ngmnm.
227 1674 406 1744 Angartirrrrm,
414 1675 585 1738 Ambrosiam,
593 1683 787 1739 otqnenectrum
795 1671 892 1743 Grego-

938 491 1078 544 cedentium
1089 499 1254 544 tractatorum
1262 508 1335 546 sensu
1348 493 1478 560 ripoinum
1489 495 1630 549 humilitati
1639 505 1725 552 tamen

940 576 1002 613 urere
1012 560 1167 629 prospicient
1185 574 1254 629 pcto,
1266 571 1292 614 nt
1306 570 1387 615 aratro
1396 564 1473 616 etiam
1483 566 1582 620 decreta
1595 567 1725 634 profuturi

941 628 1008 694 lirmi
1023 637 1151 692 maneant,
1165 631 1233 698 quari
1242 630 1357 684 uidelicet
1373 632 1472 685 nulium
1492 643 1629 701 prreterme
1644 636 1726 690 alitent

941 705 1103 752 tractatorem
1116 700 1195 768 laicae
1206 701 1313 767 reperio.
1324 699 1377 755 Sed
1387 716 1438 754 non
1448 701 1504 755 ideo
1518 701 1620 756 libertae
1634 719 1727 758 sacca·

940 766 1013 832 init,
1042 769 1103 836 qnia
1129 769 1262 823 humilitas
1295 769 1454 837 semetipsum
1479 772 1555 826 iibere
1582 775 1727 842 prostrauit.

941 837 1043 902 Quibus
1065 839 1092 892 iu
1115 836 1204 892 verbis
1217 837 1281 894 illud
1296 840 1438 894 ulrservatu
1464 839 1572 911 diguuru
1597 849 1649 905 est.
1664 844 1731 899 bat·

942 916 1047 972 perium
1077 906 1158 962 luisse
1182 909 1297 976 primunr
1320 906 1364 978 qui
1388 907 1500 965 Romam
1528 909 1659 981 pontilicis
1679 912 1729 969 de·

940 983 1042 1031 cretum
1069 975 1094 1031 iu
1121 989 1230 1031 suornm
1262 976 1388 1032 librorum
1422 976 1652 1037 confirmationem
1683 996 1726 1038 re·

942 1045 1078 1115 quisierit.

987 1115 1030 1171 lu.
1059 1117 1199 1174 Postremo
1229 1115 1297 1171 adeo
1326 1133 1379 1172 uon
1405 1116 1553 1188 refugiebat
1581 1120 1730 1179 staturum

941 1183 1056 1254 vigilias,
1083 1195 1112 1241 ut
1136 1187 1216 1242 etiam
1236 1187 1294 1256 ipse
1318 1186 1466 1252 susciperet
1480 1187 1575 1244 notarii
1597 1188 1725 1246 laborem.

941 1254 986 1308 Sic
1010 1258 1081 1310 enim
1108 1255 1146 1310 ait
1167 1260 1193 1310 iu
1213 1257 1335 1311 oratioue
1355 1255 1388 1310 ad
1406 1257 1488 1311 ileum
1513 1273 1519 1308 :
1552 1254 1585 1311 lit
1608 1259 1670 1328 quia
1699 1260 1727 1313 irr

941 1324 989 1377 boc
1013 1333 1066 1378 mm
1094 1326 1220 1380 utonem
1247 1340 1322 1396 opere
1342 1326 1503 1381 notariorum
1526 1326 1618 1380 solatio
1641 1327 1731 1383 deerat

942 1394 1003 1448 miiu
1026 1396 1159 1459 uidentnr;
1178 1395 1296 1462 obsecro,
1309 1394 1424 1458 Dourirre,
1438 1407 1465 1450 nt
1488 1411 1534 1452 uec
1557 1411 1649 1452 ιιιαιιιιι
1669 1413 1729 1452 arr·

943 1463 1030 1517 boram
1053 1467 1209 1520 clraracterer
1231 1464 1357 1532 (ormont,
1384 1472 1429 1519 out
1453 1468 1521 1522 rrirrrr
1535 1467 1644 1521 exterior
1657 1467 1731 1521 aeria

943 1531 1035 1588 litterit
1053 1537 1163 1601 [armatu
1185 1535 1352 1599 conspiciens,
1374 1533 1582 1601 impedimentum
1607 1545 1730 1605 mactent

943 1603 1014 1656 cordi
1027 1604 1094 1659 intur
1107 1612 1204 1658 recreta
1222 1605 1401 1672 mysteriorum
1411 1605 1512 1658 rimanti
1528 1605 1633 1674 ceicgrre
1642 1606 1730 1660 cardis

943 1672 1048 1726 intentio
1072 1675 1156 1747 uigilet
1182 1675 1345 1734 intrinsecas,
1368 1682 1491 1743 quolenus
1511 1674 1620 1745 officiam
1641 1690 1731 1730 muna

104 1745 179 1795 riam.
205 1741 255 1796 Ubi
277 1743 391 1798 observa
418 1743 576 1814 Grcgrrrium
592 1745 626 1797 ab
648 1743 746 1798 codici
766 1752 1106 1821 nostrum,13nrqanqnam
1131 1751 1230 1811 torpeat
1257 1743 1424 1798 cetrinaecnr.
1449 1744 1521 1799 idem
1546 1745 1643 1812 reperit
1656 1744 1733 1800 initia

105 1810 155 1864 lroc
180 1818 222 1864 est
247 1809 469 1874 benedictinum,
495 1813 567 1881 quad
590 1821 651 1867 aare
676 1827 718 1866 rua
740 1813 892 1869 adverterat
948 1812 1006 1867 iibri
1033 1829 1071 1878 r„
1088 1813 1182 1868 iliram
1205 1820 1246 1867 est
1269 1828 1354 1876 saue,
1379 1819 1453 1867 tanto
1475 1813 1533 1869 uiro
1547 1811 1629 1884 (quod
1651 1813 1734 1870 ctiam

104 1878 252 1947 litterisque
272 1880 337 1934 milri
361 1882 560 1953 siguilienrorat
575 1880 653 1936 V.C.
682 1881 821 1938 Emericus
848 1882 892 1936 ili-
946 1882 1090 1936 venerabili
1116 1882 1194 1937 ltedue
1214 1893 1242 1936 et
1268 1881 1352 1937 Paulo
1378 1882 1492 1936 biaeuno
1514 1883 1644 1938 accidisse
1669 1883 1735 1953 legi·

104 1949 200 2018 gotiae.
946 1952 1016 2018 raus)
1032 1950 1150 2006 doluisse
1179 1949 1299 2006 sodalem
1323 1951 1365 2004 rol
1387 1966 1480 2014 uuum,
1501 1953 1545 2022 qui
1567 1951 1732 2022 excipiendis

122 2080 123 2085 η
139 2017 167 2072 9.
182 2017 240 2097 Etsi
264 2017 286 2070 is
305 2021 534 2101 erattutportus,
549 2032 602 2099 nou
621 2028 709 2073 tamen
728 2019 892 2100 insidiator·
945 2019 1004 2088 ejus
1017 2021 1155 2075 sententiis
1176 2035 1208 2075 ac
1225 2019 1304 2076 dictis
1318 2020 1456 2077 calamum
1467 2035 1499 2076 ac
1512 2034 1620 2076 mauura
1643 2022 1729 2091 porri·

104 2085 240 2237 Eggpbssbt,
251 2084 893 2229 gzigfflligaggli'gsagffiofflpl‘ellcsmstlit,l¹l{s:liq¹ffls
944 2097 1031 2212 gezela.
1043 2156 1105 2212 liare
1119 2157 1180 2212 ideo
1198 2156 1283 2213 insius
1303 2156 1493 2228 praemisimus,
1507 2159 1577 2228 quod
1599 2171 1653 2213 uou
1667 2159 1735 2215 satis

105 2226 204 2295 objecit
225 2225 353 2292 Stcpbaul
377 2240 452 2296 papae
475 2227 681 2289 auctoritatem,
708 2240 758 2294 qun
784 2229 892 2294 seipse
946 2235 1025 2282 uatus
1051 2226 1180 2281 hacteuus
1201 2228 1280 2282 luerit
1307 2228 1462 2282 Ambrosios
1488 2229 1649 2297 liutpertum
1684 2242 1735 2284 nec

107 2294 213 2350 rrruuire
226 2303 337 2351 conatus
350 2306 401 2352 est.
420 2298 514 2351 distat
527 2310 560 2351 ea
573 2295 607 2350 de
618 2310 649 2350 re
662 2296 720 2361 eius
731 2295 843 2358 erristula
858 2296 890 2352 ari
945 2296 1064 2364 subjecta
1084 2296 1285 2366 curouograptri
1307 2297 1401 2352 relatio
1419 2294 1539 2352 sufficiat
1551 2297 1586 2352 ari
1602 2295 1736 2354 iacturum

106 2365 281 2434 Stephanum,
305 2365 333 2420 iu
347 2380 399 2435 qua
415 2365 537 2421 'delendis
557 2368 633 2419 terias
656 2364 892 2420 iicclcrirelr'brrto·
946 2365 1003 2434 ejus
1018 2364 1288 2421 commendationem.

106 2445 167 2499 tem,
182 2435 521 2504 ntscilicetuuusqrrisque
536 2443 614 2503 prorrt
637 2435 754 2499 desurper
778 2435 891 2504 accepit,
987 2431 1030 2487 ta.
1055 2435 1113 2501 Quo
1127 2442 1248 2505 tempore
1269 2434 1413 2506 intuertur
1438 2435 1464 2491 iu
1481 2434 1656 2492 vincentiana
1676 2450 1735 2491 mo·

107 2504 164 2557 siue
179 2503 287 2558 alterius
314 2507 496 2561 controversia
521 2505 656 2558 rolurrrina
683 2504 782 2558 caudet
796 2521 802 2557 :
818 2517 893 2559 eum·
947 2504 1064 2559 nestorio
1079 2503 1200 2573 larebat,
1216 2506 1251 2561 ibi
1271 2510 1352 2560 etiam
1366 2507 1478 2577 degebat
1492 2505 1625 2576 linguar,
1648 2505 1739 2561 deero

107 2574 287 2637 qrreallirruat
300 2575 601 2638 damnandnmceuseri,
615 2575 893 2645 quirqairiranciiber·
947 2582 971 2627 ct
994 2576 1066 2628 mirre
1084 2575 1304 2640 contemtionis,
1330 2586 1358 2631 ut
1385 2575 1480 2645 iegitur
1503 2574 1530 2631 in
1552 2577 1627 2631 Actis
1650 2576 1739 2632 saneti

108 2652 185 2698 tutem
207 2643 312 2710 spiritns
336 2647 436 2699 abolere
456 2657 572 2698 canatur.
591 2646 623 2699 lit
638 2644 728 2699 inire:
752 2644 844 2712 Nuper
866 2644 893 2698 iu
948 2641 1073 2698 Wallridi
1086 2646 1191 2700 abbatis
1207 2643 1327 2700 Palatioli
1349 2660 1429 2715 supra
1443 2647 1477 2699 ad
1502 2660 1600 2700 anuum
1615 2645 1677 2709 itis,
1692 2645 1737 2699 cui

107 2711 288 2781 apocalypsim
301 2713 409 2768 ioannis
423 2715 508 2768 decem
525 2714 594 2768 edidi
608 2714 701 2777 libros;
712 2724 894 2785 elqnuuquum
948 2710 1118 2768 waltruloirr
1134 2715 1296 2771 irrsrtrrrerrrlo
1310 2717 1434 2771 eoerrobio
1449 2727 1498 2771 tua
1508 2715 1615 2784 adjutor
1633 2712 1738 2770 emittit

106 2781 303 2850 trrfficcreturilri
314 2784 374 2852 qaia
394 2795 542 2838 sanctarum
564 2783 759 2854 Scriptareram
782 2785 894 2838 testimo·
949 2782 1069 2852 iiaguns.

791 3015 936 3077 tueleta
959 3015 1052 3075 vt‘lu

147 3165 173 3219 i.
193 3163 258 3231 Quas
275 3160 307 3218 de
323 3161 492 3220 raucissima
512 3163 609 3218 abbate
627 3163 758 3232 autperto
785 3175 899 3231 sequuu-
913 3161 938 3225 c
954 3175 1011 3215 rum
1027 3175 1087 3217 cura
1101 3161 1233 3230 puellares
1252 3169 1343 3231 ageret
1356 3174 1452 3229 anuos,
1473 3159 1622 3216 litterarum
1648 3161 1749 3224 studiis

111 3262 171 3320 tur,
193 3268 282 3323 operat
312 3253 425 3322 pretium
454 3268 515 3308 reor
545 3250 740 3321 aliquantulum
768 3249 901 3320 prolixius
955 3247 1077 3314 traditus,
1102 3249 1164 3304 totis
1186 3249 1287 3304 uiribus
1315 3251 1472 3305 innocenter
1496 3248 1596 3307 Cbrisli
1618 3251 1743 3310 mandata

109 3357 247 3398 enarrare.
264 3341 393 3411 Equidem
409 3357 462 3395 nau
485 3340 592 3409 ambigo
618 3353 661 3394 me
689 3339 793 3394 ureritis
816 3339 901 3409 ipsius
952 3338 1117 3405 custodiens,
1133 3346 1186 3392 tam
1201 3337 1298 3393 diviua
1313 3353 1391 3408 quarn
1406 3339 1549 3394 mundaum
1566 3338 1760 3412 plrilosoplrita⁴

109 3431 179 3502 apud
193 3432 275 3487 Deum
298 3445 374 3500 posse
386 3430 483 3500 jurari.
495 3427 577 3500 Cujus
595 3429 739 3499 originem,
755 3436 841 3495 actus,
857 3429 900 3485 vel
952 3442 1030 3483 uerus
1041 3427 1145 3483 Christi
1160 3427 1336 3497 plrilosopbus
1350 3427 1468 3483 ellicacia
1482 3428 1593 3497 adeptus
1612 3437 1664 3484 est.
1680 3430 1751 3486 Post

109 3522 252 3576 adtentum
267 3519 294 3575 iu
308 3519 359 3574 bac
372 3533 449 3575 sacro
464 3515 590 3573 caenobio
605 3515 706 3573 Christi
720 3516 820 3572 Levitae
835 3517 901 3572 iliu·
954 3519 1026 3590 quod
1041 3519 1067 3573 irr
1082 3519 1164 3590 regali
1174 3518 1234 3574 auia
1247 3519 1314 3574 dirce
1325 3519 1461 3574 momoriae
1475 3517 1563 3573 ceroti
1576 3515 1744 3589 imperatoris

109 3610 200 3677 centii,
218 3608 313 3679 partlm
327 3616 404 3663 retus
418 3607 550 3676 scriptura
576 3607 685 3662 tradidit
697 3624 705 3674 ;
725 3607 822 3677 partire
836 3622 902 3664 roro
952 3622 1115 3682 assumptus,
1127 3625 1188 3668 cum
1200 3625 1215 3665 a
1229 3609 1331 3668 cunctis
1344 3608 1510 3680 diligeretur,
1522 3606 1690 3680 maximeque
1707 3607 1743 3665 ab

110 3697 374 3758 sicutteuerabilium
385 3697 494 3753 Parrum
504 3697 566 3753 idei
577 3698 706 3754 relatione
716 3698 794 3754 didici
802 3699 902 3769 pariter
952 3704 1046 3760 eudem
1073 3704 1235 3775 imperatore
1262 3701 1368 3768 carulo,
1391 3701 1528 3770 sinucius
1551 3701 1671 3773 genitore
1693 3700 1738 3773 pia

110 3790 352 3864 comprehendens,
369 3800 397 3846 et
408 3790 442 3845 ad
456 3791 560 3846 laudem
574 3790 621 3845 Dei
634 3790 719 3846 nostri
730 3790 902 3861 omnipoteu·
953 3793 1076 3865 Pippiuo,
1088 3795 1170 3864 eoepit
1186 3793 1305 3865 eiusdem
1327 3791 1496 3864 imperaturis
1515 3791 1642 3863 magister
1653 3801 1682 3848 et
1701 3792 1744 3849 iu·
1824 3795 1825 3798 ’

112 3887 146 3946 tis
164 3886 296 3953 scribens,
311 3887 428 3957 posteris
449 3884 646 3957 perlectionem
670 3891 751 3941 rectae
764 3883 902 3956 religionis
953 3888 1061 3944 stitutor
1087 3899 1147 3942 esse
1168 3883 1409 3956 prudentissimus,
1431 3883 1568 3955 ipsiusque
1598 3880 1744 3953 imperialis

115 3995 146 4036 ac
165 3979 319 4048 exemplum
334 3976 491 4047 proterimus
506 3973 711 4047 perseverantiae
722 3975 788 4046 justi
802 3976 904 4033 laboris
952 3980 1019 4035 aulea
1035 3977 1284 4034 archicancellarius
1299 3987 1312 4015 ¹
1325 3991 1407 4046 supra
1421 3983 1533 4032 caeteros
1555 3971 1649 4030 baberi
1673 3981 1743 4030 stre·

113 4087 161 4142 pro
174 4070 221 4126 liei
235 4084 326 4124 amore
344 4067 542 4124 decertantibus
557 4068 584 4122 iu
605 4067 674 4122 sacri
689 4065 804 4123 coeuobii
825 4064 903 4122 iusti·
956 4071 1111 4127 rrnissiurus.
1126 4071 1158 4124 Et
1172 4085 1233 4125 curn
1258 4068 1391 4125 acuuctis
1410 4073 1585 4123 veneraretur
1606 4072 1685 4136 atque
1700 4073 1741 4119 at·

113 4167 196 4225 tutis:
212 4145 407 4236 etquicunque
430 4162 575 4232 aspicieus,
602 4159 684 4233 lrujus
707 4161 903 4233 contempletur
961 4161 1100 4217 tolleretur
1123 4159 1174 4217 sibi
1195 4158 1257 4231 jure
1283 4157 1369 4229 dignis
1396 4155 1520 4213 laudibus
1546 4154 1754 4227 praecipuisque.

115 4257 301 4324 nobilitatem,
332 4270 414 4326 seque
438 4256 623 4322 quantociusa
646 4252 738 4310 saeculi
765 4259 904 4309 convertat
954 4251 1108 4322 obsequiis;
1136 4260 1225 4307 tamen
1246 4248 1291 4304 ille
1305 4248 1340 4318 pii
1366 4247 1480 4318 pectoris
1494 4242 1692 4316 simplicitatem
1716 4248 1760 4298 et·

113 4348 249 4414 ranilate;
267 4346 344 4415 lrujus
355 4345 496 4402 attendens
510 4345 677 4417 prudentiam
693 4355 721 4401 et
733 4344 902 4410 clraritatem
954 4361 1028 4419 parre
1053 4345 1193 4402 charitatis
1216 4343 1405 4402 sinceritatem
1417 4340 1584 4398 custodiebat
1605 4336 1745 4396 attentius.

113 4441 213 4497 aridius
226 4440 325 4495 Cirristl
346 4449 465 4497 sectetur
479 4439 676 4503 bumilitateu13
692 4446 762 4493 cleo
775 4441 860 4509 magis
880 4438 902 4493 si
991 4440 1019 4495 5.
1040 4437 1094 4494 Sed
1118 4451 1180 4493 cum
1198 4435 1241 4492 iria
1265 4432 1642 4504 temporibusmemsterium
1672 4431 1747 4487 beati

113 4534 204 4589 saculi
217 4532 324 4587 divitias
336 4532 460 4587 alacriter
475 4530 577 4586 studuit
592 4529 708 4596 calcare,
724 4530 758 4586 de
772 4530 823 4585 sibi
840 4545 900 4600 pro·
916 4505 943 4567 Ῑ)
956 4527 1080 4596 martyris
1095 4525 1229 4581 vincentii
1254 4538 1334 4595 super
1351 4523 1470 4580 Vulturni
1485 4521 1602 4578 flumiuIs
1617 4518 1717 4573 loutem
1728 4530 1760 4571 a

113 4624 195 4678 missa
213 4623 240 4676 irr
255 4623 331 4678 coelis
350 4622 491 4676 abomiuo
505 4620 772 4690 gaudeartelieiuuc.
788 4622 816 4677 Sl
837 4634 902 4691 pan·
953 4619 1053 4674 sanctis
1072 4617 1195 4674 Patribus
1216 4616 1346 4680 Paldoue,
1364 4615 1467 4668 laune
1492 4619 1521 4666 et
1546 4610 1652 4664 iasone
1672 4615 1744 4662 esset

97 4712 161 4785 'per
184 4725 248 4767 tero
275 4712 409 4782 propriam
443 4710 635 4767 abrenuntians
660 4710 826 4765 ualurrtatem
852 4709 902 4766 sub
953 4716 1147 4776 constructum,
1172 4720 1322 4777 magnaque
1343 4703 1379 4757 ibi
1401 4710 1553 4755 sauctorum
1578 4694 1744 4778 [inclama-4

111 4803 176 4873 iugo
196 4811 296 4859 sanctae
318 4802 418 4873 regula.
442 4801 496 4856 Deo
510 4815 540 4857 se
554 4800 690 4869 protessus
709 4811 751 4857 est
773 4801 902 4868 militare,
956 4799 1068 4854 lantiunt
1092 4796 1261 4867 congregatio
1288 4794 1477 4860 permaneret,
1501 4799 1560 4857 qua
1597 4782 1740 4855 precipuis

113 4893 217 4950 noverit
226 4892 319 4963 seiam
339 4909 391 4948 uorr
402 4893 438 4949 dc
458 4892 576 4947 crastino
589 4892 689 4948 debere
702 4893 839 4962 cogitare:
854 4893 902 4947 red
956 4904 1025 4957 terre
1038 4899 1101 4945 tuuc
1114 4885 1242 4956 comperis
1255 4881 1335 4938 ltaliae
1356 4877 1525 4935 monasteriis
1550 4875 1742 4947 praeterreure,

113 4982 265 5039 meminerit
286 4982 411 5053 quoniam
437 4990 464 5036 et
498 4980 612 5037 irumiles
640 4982 737 5052 spiritu
770 4980 901 5038 bonriaus
957 4977 1055 5034 laetam
1075 4984 1116 5032 est
1138 4982 1277 5028 uteorum
1290 4964 1538 5037 sanctareligiouis
1557 4964 1650 5036 opinio
1663 4963 1757 5035 louge

114 5074 265 5144 dignabitur
286 5074 400 5130 salvare.
957 5065 1063 5137 iateque
1087 5065 1226 5135 fragrans,
1247 5059 1327 5115 etiam
1361 5055 1444 5129 ipsius
1469 5053 1668 5113 clementissimi
1693 5055 1744 5108 im·

89 5216 93 5224 ,
150 5160 358 5231 alliaquiderrr
372 5159 658 5226 sanctissirausi’aler,
673 5157 820 5217 Galliarum
841 5176 903 5229 pra·
957 5156 1089 5227 paraturis
1109 5153 1198 5213 Garuli
1224 5149 1377 5223 perveniret
1401 5149 1435 5206 ad
1459 5163 1548 5206 auem.
1572 5147 1624 5214 Qui
1645 5145 1744 5204 dumus

10 5282 15 5295 ·
109 5251 208 5307 sinclis
221 5252 364 5320 oriundus,
389 5251 544 5322 parentibus
556 5250 703 5305 admodum
718 5250 816 5306 christi
839 5250 904 5306 reli·
956 5248 1047 5303 diuino
1069 5259 1172 5314 amore,
1194 5244 1379 5316 precipueque
1404 5255 1500 5299 sunem
1522 5240 1557 5298 ab
1574 5241 1670 5296 codem
1692 5253 1745 5295 aaa

110 5339 193 5412 glane
203 5341 331 5397 clanculi
343 5340 472 5412 dignitate
486 5338 663 5405 clarissimum
679 5346 708 5394 ut
720 5337 825 5394 lucileri
839 5337 905 5396 solis
956 5337 1102 5393 venerabili
1132 5335 1260 5408 magistro
1289 5343 1317 5392 et
1348 5330 1581 5390 archicancellario
1601 5333 1756 5400 autperto„

81 5448 84 5455 ·
111 5427 204 5497 radius
229 5427 432 5488 christianitate
453 5428 614 5502 conspicuus
635 5427 741 5487 enituit.
754 5429 805 5497 Qui
824 5426 903 5487 uimi-
958 5424 1081 5503 primitus
1090 5424 1198 5497 quidem
1207 5423 1287 5495 hujus
1298 5421 1432 5496 opinionis
1446 5421 1582 5498 ueritatem
1603 5418 1745 5490 explorare

149 5538 212 5598 ⁸th
225 5539 312 5596 Caroli
335 5538 415 5597 luerit
434 5548 593 5613 praeceptor,
616 5546 690 5595 eerle
714 5534 901 5594 archicancel·
953 5541 1101 5592 cruenter
1109 5533 1230 5592 clausula
1241 5531 1424 5605 Exposiliunia
1434 5528 1461 5587 iu
1471 5527 1648 5617 Apocalypsin
1669 5533 1750 5593 sepm-

113 5609 262 5666 iariusnon
288 5609 338 5665 luit
362 5611 658 5681 permanserimus
670 5608 824 5664 rreurrtrrrr
839 5614 901 5664 erat
955 5611 1011 5666 rius
1024 5605 1118 5663 relata.

115 5696 193 5753 quara
208 5681 319 5738 Carolus
337 5691 489 5752 capesseret
512 5681 684 5740 Francorum.
697 5679 849 5750 imperium,
866 5683 900 5734 bt*
