3832 6114
139 271 190 328 ill

494 261 525 320 S.
545 258 714 320 BONthCll
736 253 924 319 lthUNTlNl
944 251 1205 313 tnettttttscot‘t
1224 253 1300 312 Ol’l‘.
1321 251 1422 311 PARS.
1443 250 1464 308 i.

1718 252 1774 312 'ibi

137 385 212 442 rinae
233 380 391 450 imperator,
417 390 470 434 non
496 375 714 448 praesumptionis
729 373 856 444 andacia,
882 368 1134 441 sedAdlgentibus
1158 368 1256 427 stabile
1272 366 1403 445 retugium
1417 377 1468 435 pro
1489 334 1644 421 heiamore
1665 365 1773 422 miseri·

139 487 188 543 pro
201 483 297 542 magua
312 468 473 524 necessitate
487 481 556 532 mea,
573 478 718 549 suggerere
732 463 852 520 conabor
865 477 931 533 qoa-

138 564 227 620 litera
242 574 286 616 me
301 568 442 630 peccatore
457 569 484 615 ot
497 573 558 615 mea
580 571 683 615 sorore.
708 565 820 627 paterna
845 552 931 633 here·

138 655 208 712 ditas
234 662 326 708 nostra
340 659 397 707 erat
412 652 498 721 primo
516 650 664 722 elongata,
690 657 718 705 et
729 648 818 703 adhuc
841 647 921 702 ctiam

139 745 284 804 abstracta.
310 742 431 809 Etldeo,
458 742 579 812 piissime
602 742 789 812 imperatoret
810 738 930 796 omnium

140 835 316 908 indigentium
340 833 593 892 misericordissime
617 832 789 904 suffragator,
817 831 931 886 muttum

140 926 290 998 nomenoi
304 923 453 996 patrocinio
464 934 566 992 restro,
577 933 708 992 gmtenus
721 936 767 992 per
780 921 933 976 misericor·

140 1017 211 1075 diam
225 1016 471 1089 aceleemosynam
495 1024 612 1072 ammam
636 1018 669 1070 ad
684 1016 768 1084 ipsam
791 1013 932 1069 haeredita·

140 1118 195 1167 tetn
209 1109 350 1179 pervenire
364 1109 481 1176 valeam,
496 1105 614 1178 eoquod
628 1105 683 1160 ullo
698 1104 780 1160 modo
793 1103 872 1160 aliter
884 1119 932 1160 no·

77 1215 82 1223 ·
139 1200 182 1259 bis
195 1215 226 1256 ea
241 1199 347 1256 restitui
360 1214 416 1257 non
427 1199 510 1265 salet,
527 1198 584 1254 nbi
594 1211 643 1268 per
655 1206 774 1252 vestram
789 1194 932 1251 devotissi-

139 1306 221 1362 mam,
236 1305 403 1361 semperque.
412 1288 570 1347 benevolam
591 1286 664 1356 juste
680 1283 796 1342 lactendi
811 1285 930 1341 clemen·

141 1380 215 1439 tiata.
228 1379 332 1446 llisita,
347 1377 457 1436 domine
468 1377 515 1447 nti,
528 1387 664 1446 utcunque
675 1373 822 1446 predictis,
838 1373 932 1432 audire

140 1470 265 1542 dignctm
286 1469 444 1527 excedentia
467 1477 557 1525 restra
577 1465 794 1523 reclamationem
817 1465 932 1522 miserim

139 1573 253 1620 nostra.
268 1561 331 1620 Fuit
344 1575 460 1631 namque
478 1559 568 1626 nobb,
583 1557 757 1615 serenissime
773 1555 930 1626 imperator.

981 460 1098 517 corditer
1121 459 1277 532 impendere
1298 474 1351 514 non
1374 455 1497 523 cessatis,
1514 454 1592 510 nobis
1606 469 1715 527 quoque
1729 473 1774 528 pa-

982 563 1056 610 terna
1072 551 1231 610 hereditate
1253 547 1409 620 despoliatis
1432 562 1482 619 pro
1496 556 1589 608 vestra
1602 548 1772 622 eleemosyna

981 646 1105 703 auxiliari
1118 647 1231 701 subhac
1244 643 1435 702 reclamatione
1450 650 1540 698 nemra
1552 649 1688 713 utcunque
1699 641 1774 698 iacia

982 737 1026 806 tis,
1043 747 1070 794 et
1081 753 1130 809 per
1143 737 1235 794 lideies
1249 745 1354 793 vestros
1367 735 1482 806 idipsum
1505 731 1667 805 inuestigare
1677 734 1772 806 dnae-

982 828 1057 896 mini,
1084 839 1173 884 utrum
1191 825 1310 898 instead
1325 840 1375 881 nos
1391 824 1526 894 pertinere
1549 824 1646 880 debeat
1660 839 1696 881 att
1708 841 1772 893 non,

981 918 1005 974 si
1018 929 1106 974 tamen
1122 916 1192 988 apud
1211 927 1328 973 vestram
1344 915 1543 971 sanctissimam
1561 915 1704 973 decretum
1718 917 1773 974 iue-

981 1010 1017 1067 rit
1027 1010 1224 1067 excellentiam.
1240 1006 1314 1063 hluiti
1327 1007 1399 1063 enim
1412 1013 1496 1061 testes
1507 1006 1541 1060 de
1556 1005 1621 1074 ipsis
1636 1007 1713 1078 pagis
1726 1023 1772 1064 su·

982 1115 1030 1170 per
1043 1099 1093 1156 hac
1106 1101 1163 1171 ipsa
1178 1115 1208 1155 re
1218 1097 1340 1154 adhiberi
1355 1104 1477 1167 possunt,
1492 1098 1537 1166 qui
1552 1097 1620 1153 hane
1633 1114 1691 1155 retra
1705 1100 1774 1157 heae

982 1191 1081 1259 sciunt,
1104 1200 1131 1247 et
1154 1205 1213 1246 eam
1236 1190 1363 1260 detegere
1383 1188 1516 1246 reradter
1529 1187 1668 1259 valebunt,
1689 1193 1775 1251 ocle-

982 1284 1150 1341 mentissime
1164 1299 1196 1340 ac
1210 1284 1384 1339 serenissime
1399 1285 1555 1353 imperator,

1229 1375 1242 1415 ‘¹
1258 1374 1425 1432 aristote
1439 1373 1531 1432 ttCtt.

1125 1483 1262 1524 nnonruus
1276 1483 1408 1524 tronum.
1424 1468 1496 1542 [ans.
1515 1463 1640 1541 tacerel

1018 1556 1132 1615 homino
1152 1558 1390 1625 reverendissimo,
1409 1558 1536 1629 omnique
1549 1559 1678 1615 virtutum
1693 1572 1776 1618 conta·

140 1638 216 1721 pater
231 1653 340 1711 nomine
354 1650 475 1717 liichart,
501 1658 529 1707 et
550 1648 680 1720 patruelia
693 1647 802 1706 nomine
815 1647 930 1716 liicltoli,
985 1650 1059 1705 mine
1080 1651 1247 1717 uenerando,
1273 1660 1301 1708 et
1322 1659 1382 1721 post
1404 1649 1488 1706 heum
1503 1650 1630 1721 peculiari
1645 1660 1774 1724 patrono,

139 1747 219 1805 ambo
229 1744 362 1810 Saxones.
386 1752 415 1800 ct
427 1741 573 1799 hareditas
591 1756 686 1799 eorum
700 1741 727 1798 iu
748 1741 804 1812 ipsa
818 1741 925 1798 exstite·
945 1722 1094 1813 flsupptex
1115 1742 1243 1799 almitatis
1268 1752 1364 1800 vestrm
1378 1743 1539 1801 rerttaculus
1561 1744 1591 1801 iu
1604 1743 1716 1804 bannim
1730 1760 1777 1802 aa·

139 1845 181 1894 rat
195 1834 321 1894 saxonie
338 1834 408 1894 bum
421 1841 511 1891 autem
523 1833 551 1890 in
563 1832 672 1890 seruitio
685 1833 769 1904 patris
780 1833 876 1898 vestri,
891 1831 931 1889 ie·
981 1831 1076 1890 intem.
1177 1832 1184 1849 '

138 1928 197 1985 licis
207 1927 344 1988 memorias
356 1925 457 1984 domini
467 1923 556 1980 Caroli
570 1923 929 1994 imperatorieexntternnr,
994 1938 1003 1966 r
1017 1923 1124 1993 Fateor,
1137 1940 1153 1982 o
1168 1925 1324 1984 beatissime
1350 1927 1473 1998 antistes,
1496 1944 1541 1986 me
1561 1929 1663 1987 dudum
1681 1929 1777 1989 decre

139 2019 283 2093 propinqui
296 2032 390 2076 eornm
411 2025 518 2089 atqoe⁸
534 2031 676 2088 pagenses,
701 2029 783 2071 causa
799 2014 930 2071 Christia-
982 2014 1062 2085 risse,
1079 2016 1102 2071 si
1118 2031 1208 2072 rernm
1222 2017 1290 2073 ratio
1303 2032 1335 2074 ac
1350 2019 1478 2090 temporis
1491 2021 1605 2077 solitam
1620 2021 1777 2080 vicissitudo

139 2111 244 2181 nitatis,
255 2108 346 2167 lurore
359 2123 390 2167 se
401 2123 484 2179 super
497 2123 546 2165 eos
560 2108 710 2175 turbontes,
732 2108 893 2180 omniaque
905 2106 932 2163 in
982 2114 1128 2178 pateretur,
1143 2109 1260 2166 uicinam
1275 2109 1377 2168 Natalis
1392 2111 1497 2170 honrini
1510 2113 1712 2173 solemnitatem
1724 2114 1777 2174 ibi·

139 2201 265 2260 domibus
288 2201 407 2272 propris
426 2199 618 2258 elaborationis
642 2199 810 2267 habncmnt,
835 2207 932 2256 cuneta
982 2200 1087 2257 demin
1111 2204 1250 2260 consortio
1273 2204 1386 2261 fratrum
1409 2204 1559 2277 tripudians
1579 2207 1728 2277 celebrare,
1750 2218 1778 2265 ct

138 2293 234 2365 raptim
248 2292 426 2364 diripuerunt,
451 2307 488 2349 eo
508 2291 582 2364 good
602 2292 630 2348 itt
657 2291 710 2347 ide
723 2291 932 2349 Christianitatis
983 2295 1177 2365 postmodum,
1199 2297 1252 2353 vita
1268 2299 1368 2355 comite
1381 2341 1389 2370 ,
1401 2307 1500 2356 vestrm
1523 2299 1663 2358 charitatis
1675 2300 1776 2358 adahill

137 2385 206 2440 usila
219 2398 267 2441 eos
280 2385 593 2457 persistcrcscnserunt,
618 2392 646 2439 et
668 2397 728 2439 eam
754 2398 853 2455 negare
879 2384 933 2441 ullo
983 2387 1127 2453 presentia
1143 2385 1205 2444 hui.
1230 2387 1283 2446 Sed
1299 2389 1360 2460 qnia
1384 2390 1498 2447 dirersis
1520 2391 1776 2461 impedimemorun

137 2476 389 2534 modonoltterunt.
412 2476 508 2534 Postea
527 2491 593 2533 rero
607 2476 730 2548 contigit,
757 2486 786 2532 ut
807 2476 933 2536 dominus
983 2476 1131 2535 obstaculis
1154 2478 1293 2549 relrenati,
1317 2482 1543 2552 quemadmodum
1567 2484 1636 2540 lator
1656 2498 1779 2554 praesen·

138 2571 286 2639 imperator
301 2569 448 2639 patruelem
462 2583 551 2626 meum
567 2567 675 2625 Richoll
687 2566 809 2624 miseriti
826 2569 853 2625 in
868 2568 932 2626 mis·
984 2567 1049 2624 tium
1067 2571 1127 2626 vira
1143 2586 1207 2628 rocc
1222 2572 1327 2641 ptentns
1345 2574 1543 2646 promulgabit,
1562 2573 1628 2631 illud
1643 2578 1778 2646 perlicere

138 2661 342 2730 satieumsuper
354 2659 448 2717 bibam
459 2675 519 2716 eum
531 2658 818 2728 hisinierittsscriptis,
830 2657 929 2717 idest..
983 2660 1161 2730 nequivimus,
1186 2660 1287 2718 idcirco
1302 2660 1468 2719 dillicnltstis
1483 2665 1586 2720 neniam
1609 2678 1707 2733 precor
1723 2667 1779 2722 im·

139 2766 204 2809 com.
228 2751 383 2823 gotessedo,
400 2767 501 2808 eom...
523 2766 590 2806 som.
616 2758 675 2806 et...
698 2749 743 2819 qni
763 2764 858 2806 omnes
880 2766 931 2807 rnna
984 2751 1110 2820 pendite;
1127 2768 1215 2824 neque
1231 2754 1303 2809 enim
1318 2770 1399 2826 parva
1414 2763 1566 2826 temporum
1581 2755 1724 2812 intervalla
1747 2756 1776 2813 in

138 2843 237 2903 ibidem
250 2844 358 2900 iuemnt
371 2842 465 2910 occisi,
480 2852 590 2914 propter
603 2840 813 2898 Christianitatis
827 2840 931 2897 stabill·
983 2839 1036 2896 hoc
1057 2841 1147 2899 studio
1168 2842 1326 2914 protelanda
1340 2854 1406 2899 snrtt
1418 2847 1443 2901 ei
1458 2846 1589 2902 duntaxat
1600 2847 1657 2918 qui,
1680 2847 1775 2904 solerti

135 2942 267 2991 mnium.
293 2934 353 3004 Quo
373 2933 474 3001 audito,
498 2933 616 3004 perrexit
637 2942 713 3002 pater
728 2946 805 2988 meus
820 2930 932 2988 Richart
983 2932 1125 3001 sagacitate
1136 2932 1241 3004 tegendi
1252 2950 1407 3005 succensus,
1420 2936 1507 3007 lcgum
1522 2937 1700 2995 homanorum
1709 2938 1774 3008 iura

138 3025 264 3083 anuntiare
278 3025 330 3081 hoc
350 3023 460 3080 domino
474 3024 629 3094 imperatori
643 3022 751 3090 Carolo,
774 3021 879 3079 etdum
904 3024 931 3079 in
984 3019 1138 3078 medullitus
1161 3023 1324 3094 rimabitur,
1348 3036 1376 3082 et
1401 3035 1495 3082 cuncta
1520 3028 1773 3098 jurismusultorum

136 3114 183 3171 illa
195 3115 237 3172 rit
250 3113 311 3184 luit,
335 3115 504 3186 apprehensa
517 3124 559 3172 est
572 3115 631 3185 ipsa
645 3124 732 3170 mater
745 3127 805 3169 mea
826 3112 861 3168 ab
874 3112 930 3169 eis·
983 3108 1091 3167 decreta
1104 3127 1137 3169 ex
1161 3113 1262 3176 intimis
1283 3117 1440 3185 praecordiis
1461 3120 1636 3189 scrutabitur,
1649 3129 1677 3178 st
1690 3120 1776 3194 (quod

137 3206 201 3264 dem
212 3205 287 3274 siris,
303 3207 350 3277 qni
369 3207 428 3264 ilios
442 3205 569 3278 praeiatos
581 3208 679 3262 missos
694 3214 773 3260 antea
786 3203 931 3260 interiece-
983 3203 1026 3259 iris
1041 3205 1125 3262 maim
1140 3208 1240 3265 arctius
1262 3219 1289 3272 et
1305 3211 1461 3281 perplexius
1475 3213 1529 3283 cst)
1543 3224 1659 3272 centana
1671 3215 1776 3272 scilicet

138 3306 212 3368 rant,
225 3308 253 3357 et
268 3300 448 3358 intermunus
463 3300 651 3372 fidejussorum
661 3297 878 3356 commendatam
892 3312 931 3353 re·
982 3305 1128 3355 metrorum
1141 3314 1240 3373 genera
1253 3302 1371 3374 pedestri
1394 3305 1485 3375 regula
1496 3305 1676 3377 discerneret,
1686 3315 1716 3364 et
1728 3309 1775 3364 td·

136 3391 281 3462 liquerunt,
301 3393 643 3463 constantissimusque
658 3389 757 3446 ibidem
772 3389 800 3444 iu
814 3388 931 3459 sumpti·
981 3388 1060 3444 mista
1087 3390 1231 3447 cautilenae
1246 3393 1428 3450 modulamina
1448 3405 1522 3452 recto
1535 3397 1700 3468 syllabarum
1721 3406 1774 3462 tra·

138 3481 191 3537 lms
204 3481 320 3539 rebeliis
334 3481 497 3555 qttibuslibct
518 3483 600 3537 rebus
616 3490 721 3552 repertu
736 3487 814 3546 satit,
839 3493 930 3536 secum
982 3483 1048 3539 mite
1070 3484 1198 3556 lustrare,
1221 3488 1297 3558 cujus
1321 3488 1361 3544 rei
1386 3489 1514 3545 studiosis
1536 3489 1681 3548 lectoribus
1700 3499 1773 3549 tauto

47 3625 50 3631 ,
139 3587 188 3639 per
199 3573 318 3639 rapinam
332 3573 490 3629 diviserunt.
516 3572 592 3640 Quod
612 3586 673 3627 cnm
697 3581 864 3642 compertum
881 3570 931 3628 luit
980 3574 1192 3632 inextricabilior
1203 3578 1355 3634 obscuritas
1370 3580 1554 3650 praetenditur,
1571 3589 1673 3650 quatrio
1688 3583 1775 3637 rarior

137 3664 207 3732 patri
219 3679 291 3731 mco,
304 3666 426 3722 transtrtt
440 3668 564 3731 latenter,
577 3671 604 3721 ct
616 3678 675 3720 eam
690 3664 768 3734 qtrasi
781 3663 873 3719 iurtim
890 3678 930 3719 ar·
980 3662 1119 3721 doctorum
1131 3668 1311 3724 numerositas
1330 3669 1473 3739 reperitur.
1498 3669 1551 3726 Sed
1566 3669 1600 3728 de
1615 3671 1660 3727 his
1673 3671 1772 3729 diutius

141 3759 236 3830 ripuit,
253 3759 374 3832 iugitque
386 3776 447 3817 cnm
461 3776 491 3816 ea
504 3760 531 3816 io
546 3775 654 3832 pagum,
667 3760 712 3830 qui
726 3765 836 3815 rocatur
849 3757 930 3814 hlars
980 3757 1136 3814 ratiocinari
1161 3760 1253 3816 stricta
1268 3760 1420 3829 epistolaris
1435 3763 1555 3834 angustia
1572 3764 1687 3822 minime
1697 3762 1771 3833 sinit,

139 3853 235 3920 theim,
247 3855 275 3909 in
284 3864 433 3912 maternam
447 3853 630 3910 hereditatem
643 3859 768 3920 suamet
780 3851 819 3909 sie
831 3851 931 3907 mansit
980 3851 1115 3921 quomodo
1128 3851 1254 3909 ridettcet
1277 3853 1361 3923 ipsius
1386 3854 1504 3912 metrice
1526 3855 1595 3913 artis
1605 3857 1772 3913 clandestina

138 3943 191 4012 ihi,
204 3943 303 4011 tinore,
317 3958 350 4001 ex
362 3944 484 4016 jussione
512 3942 613 4011 domiui
634 3941 820 4013 imperatoris,
841 3940 930 3999 Saso·
980 3941 1157 4000 instromenta
1172 3944 1279 4012 litteris,
1297 3946 1376 4016 logis,
1402 3947 1516 4018 pedibus
1530 3950 1654 4019 poeticis,
1669 3951 1770 4022 liguris,

138 4051 202 4113 nes,
221 4036 289 4093 lacta
303 4037 536 4107 transmigratione
552 4035 587 4092 de
609 4033 742 4103 saxonia,
765 4049 815 4105 per
837 4043 929 4104 patres
980 4033 1112 4103 versibus,
1128 4037 1211 4104 tonis,
1232 4038 1398 4107 temporibus
1410 4039 1666 4110 conglomerentur;
1681 4040 1772 4111 pathe·

138 4125 255 4185 *cntueri
270 4135 354 4196 sunt3
378 4133 406 4182 et
421 4134 484 4181 tunc
499 4125 581 4180 etiam
602 4125 731 4194 temporis
748 4138 810 4178 cum
825 4124 928 4181 eisdem
981 4123 1032 4179 tica
1045 4138 1152 4196 quoque
1164 4134 1283 4196 septenae
1296 4126 1437 4184 divisionis
1455 4128 1597 4200 disciplina
1612 4131 1769 4204 acephalos,

138 4224 215 4283 pater
235 4224 355 4273 meuact
377 4222 465 4271 mater
483 4213 573 4271 edocti
596 4213 715 4271 luerunt.
736 4211 840 4281 Quibus
863 4228 929 4270 rero
980 4215 1095 4287 lagaros,
1117 4217 1228 4287 poecilos
1246 4235 1308 4276 cum
1327 4223 1434 4279 ceteris
1456 4223 1586 4291 varietur,
1610 4225 1663 4294 gui.
1677 4240 1772 4282 veram

136 4305 275 4362 monstret
284 4307 310 4361 in
322 4306 379 4377 ipsa
392 4305 625 4378 transmigratione
638 4322 685 4379 per
699 4314 798 4378 quanta
811 4307 929 4378 qualibet
980 4310 1150 4375 monosemi,
1172 4315 1331 4381 pentasemi,
1355 4314 1536 4385 quidecasemi
1563 4315 1724 4385 videantur,
1745 4326 1773 4373 et

137 4399 229 4466 spatia
237 4399 468 4471 commorantibus
481 4416 495 4455 a
512 4400 619 4471 propria
640 4400 785 4458 abalienati
797 4408 878 4467 terra,
893 4401 927 4458 dn
941 4397 1096 4496 „qualiter
1109 4398 1259 4456 catalectici
1269 4402 1312 4457 tel
1323 4402 1571 4475 brachycatalectici
1582 4419 1630 4459 seu
1641 4405 1773 4477 hyperca-v

138 4492 190 4549 itae
202 4490 261 4550 luce
272 4499 347 4561 pater
357 4505 435 4549 meus
448 4493 643 4550 initerrenieotc
657 4499 780 4549 extremo
793 4492 837 4549 die
850 4495 929 4549 subs·
982 4488 1097 4546 talectici
1112 4503 1205 4546 versus
1218 4501 1426 4562 cognoscantur.
1450 4492 1525 4560 llaec,
1548 4502 1577 4549 nt
1595 4508 1669 4561 reor,
1683 4506 1712 4550 et
1726 4493 1776 4550 his.

137 4592 237 4640 tractus
261 4593 318 4654 est,
342 4592 370 4642 et
392 4585 526 4645 remansit
536 4585 595 4641 sola
619 4593 706 4640 mater
728 4597 798 4652 mea,
822 4591 848 4640 et
865 4598 925 4657 ego,

136 4687 269 4746 sororque
279 4688 350 4744 mea,
364 4686 393 4733 et
405 4674 492 4733 adhuc
507 4674 562 4733 heo
580 4674 734 4742 miserante,
745 4689 795 4736 uos
816 4683 872 4731 tros
882 4690 928 4732 sn·

136 4768 262 4835 perstites
273 4768 434 4834 existimus3
463 4784 517 4824 nnn
532 4777 623 4824 tannen
646 4767 817 4836 pervenimus
830 4768 866 4823 ad
878 4781 926 4839 pa·

137 4872 241 4916 ternam
256 4861 440 4917 haereditatem
454 4868 584 4916 nostram.
600 4858 727 4929 ideoque,
744 4858 864 4929 piissimo
877 4858 927 4913 im·

135 4960 255 5020 perator,
276 4953 321 5024 qui
336 4953 460 5010 omnibus
484 4952 656 5025 pauperibus,
673 4952 754 5007 etiam
768 4949 872 5006 cunctis
885 4950 927 5008 iu-

60 5058 65 5066 ’
136 5064 296 5130 cenatoria,
307 5074 336 5121 et
345 5066 372 5120 in
387 5074 449 5122 noia
462 5083 468 5119 :
489 5063 588 5133 thpvvd
612 5063 777 5120 Ludovieum
790 5061 877 5117 Cadmi
890 5061 924 5118 ld.

136 5131 230 5197 titium,
245 5136 279 5188 de
291 5149 354 5203 quo.
379 5149 471 5204 supra,
483 5135 553 5203 :¹⁰7-
568 5135 634 5191 Nam
649 5135 676 5189 in
689 5131 802 5203 epistola
814 5130 924 5202 dicitur,

134 5205 161 5256 v'n
174 5204 275 5258 seruitio
289 5206 371 5272 patris
381 5207 466 5260 nemsi.
484 5220 494 5255 r
509 5206 574 5260 Sett.

171 5282 184 5311 ⁸
199 5271 340 5357 Pagenser.
360 5274 411 5340 Qui
425 5273 545 5357 ejusdem
561 5274 631 5358 pagi.
646 5272 737 5344 Pugna
750 5281 850 5341 autem,
863 5272 927 5328 licet

69 5469 75 5478 ,
136 5344 924 5496 temni,arietillilditihtiitlit

136 5488 270 5542 interdum
284 5486 432 5541 vtculorum
457 5485 666 5546 multitudinem.
690 5499 752 5554 quae
766 5500 821 5542 ttrto
836 5485 925 5554 aliquo

134 5562 181 5615 titt
194 5557 316 5621 irnperio,
330 5564 377 5610 aut
388 5557 458 5627 lege,
472 5570 505 5610 ao
514 5554 586 5624 jure,
599 5555 751 5609 rincituret
759 5557 921 5612 continetur.

137 5621 285 5691 Sotmpiam
300 5627 437 5682 irodieaut
446 5627 638 5750 praefecturam
658 5626 804 5694 appellant.
820 5627 888 5683 San.

171 5693 233 5752 tta
254 5698 419 5753 missaticam.
462 5712 479 5749 n
503 5696 668 5768 legationem,
682 5703 711 5751 ut
729 5705 822 5755 essem
834 5697 921 5765 missi,

979 4580 1077 4637 similia
1092 4581 1167 4638 breti
1194 4583 1322 4652 temporis
1343 4583 1544 4654 intercapedine
1565 4593 1773 4640 momentaneo·

979 4688 1032 4744 qne
1045 4673 1100 4730 ictu
1111 4674 1279 4747 apprehendi
1292 4690 1459 4748 nequaqnam
1471 4675 1606 4731 calebunt.
1616 4674 1656 4733 lle
1667 4675 1773 4734 monne

978 4780 1042 4821 rero
1052 4766 1237 4824 calculationis
1249 4767 1312 4838 quid
1324 4767 1602 4835 commemorandum,
1617 4782 1681 4823 eum
1695 4775 1774 4822 taram

978 4858 1175 4927 supputationis
1189 4857 1333 4914 imminens
1346 4857 1493 4926 disputatio
1505 4857 1575 4913 colla
1589 4856 1691 4913 mentis
1700 4870 1773 4912 corn·

978 4947 1117 5017 presserit,
1135 4956 1163 5004 nt
1179 4962 1287 5003 omnem
1310 4948 1473 5018 praeteritum
1499 4947 1624 5004 lectionis
1647 4947 1772 5003 laborent

977 5076 1024 5118 sen
1039 5062 1129 5132 legati.
1147 5061 1261 5133 ideoque
1275 5062 1428 5132 paulopost
1447 5061 1564 5119 dicitnr:
1582 5061 1635 5129 Qui
1646 5061 1772 5133 maistas

977 5136 1068 5188 oristas
1078 5133 1270 5204 interfecerant,
1280 5133 1330 5190 liic
1343 5143 1430 5188 tamen
1442 5148 1490 5201 pro
1502 5134 1562 5187 rico
1573 5131 1659 5204 accipi
1671 5140 1771 5201 potest,

976 5200 1121 5329 quicafflhu
1133 5202 1233 5294 dicitnr
1244 5201 1589 5328 pagttvrdlerrcltfingi-Snn.
1658 5271 1673 5327 d
1690 5270 1712 5327 ε
1749 5271 1757 5284 .

977 5273 1475 5402 „mdiitttilietilitt
1490 5285 1673 5414 ,latitia
1690 5287 1771 5400 aab

978 5413 1168 5482 transportatlo
1183 5413 1322 5483 perspicua
1337 5421 1390 5471 est.
1404 5412 1470 5470 Sea.

1011 5482 1024 5522 ‘¹
1041 5483 1146 5540 l‘octica
1165 5494 1193 5540 et
1214 5484 1377 5556 aliquantum
1390 5484 1569 5540 astronomica
1583 5482 1707 5547 epistola.
1723 5481 1770 5537 tt·

975 5553 1158 5682 ggaglgffiofflpa
1168 5555 1250 5682 gignita
1264 5555 1386 5629 mettica,
1401 5553 1430 5610 S.
1451 5553 1610 5611 Aldhelmns
1632 5556 1740 5625 prolog.
1753 5551 1771 5607 2
