<?xml version="1.0" encoding="UTF-8"?>
<!DOCTYPE html PUBLIC "-//W3C//DTD XHTML 1.0 Transitional//EN"
    "http://www.w3.org/TR/xhtml1/DTD/xhtml1-transitional.dtd">
<html xmlns="http://www.w3.org/1999/xhtml" xml:lang="en" lang="en">
 <head>
  <title>
</title>
<meta http-equiv="Content-Type" content="text/html;charset=utf-8" />
  <meta name='ocr-system' content='tesseract 3.04.00' />
  <meta name='ocr-capabilities' content='ocr_page ocr_carea ocr_par ocr_line ocrx_word'/>
</head>
<body>
  <div class='ocr_page' id='page_1' title='image "./patrologiaecurs74unkngoog/patrologiaecurs74unkngoog_0039.png"; bbox 0 0 3832 6114; ppageno 0'>
   <div class='ocr_carea' id='block_1_1' title="bbox 183 264 1813 480">
    <p class='ocr_par' dir='ltr' id='par_1_1' title="bbox 183 264 1813 480">
     <span class='ocr_line' id='line_1_1' title="bbox 186 264 1813 354; baseline -0.001 -8"><span class='ocrx_word' id='word_1_1' title='bbox 186 278 221 346; x_wconf 84' lang='grc' dir='ltr'>ιι</span> <span class='ocrx_word' id='word_1_2' title='bbox 589 290 617 346; x_wconf 89' lang='lat' dir='ltr'>s.</span> <span class='ocrx_word' id='word_1_3' title='bbox 639 284 857 353; x_wconf 75' lang='lat' dir='ltr'>transertos,</span> <span class='ocrx_word' id='word_1_4' title='bbox 879 279 1200 341; x_wconf 86' lang='lat' dir='ltr'>sctttneuunnnnsts</span> <span class='ocrx_word' id='word_1_5' title='bbox 1219 264 1415 345; x_wconf 79' lang='lat' dir='ltr'>anscerus.</span> <span class='ocrx_word' id='word_1_6' title='bbox 1780 280 1813 354; x_wconf 74' lang='grc' dir='ltr'>ιι</span> 
     </span>
     <span class='ocr_line' id='line_1_2' title="bbox 183 398 1812 480; baseline 0.004 -20"><span class='ocrx_word' id='word_1_7' title='bbox 183 401 374 472; x_wconf 79' lang='lat' dir='ltr'>omptutttuts</span> <span class='ocrx_word' id='word_1_8' title='bbox 384 403 532 458; x_wconf 80' lang='lat' dir='ltr'>reverendo</span> <span class='ocrx_word' id='word_1_9' title='bbox 541 404 641 469; x_wconf 83' lang='lat' dir='ltr'>studio,</span> <span class='ocrx_word' id='word_1_10' title='bbox 650 414 729 478; x_wconf 90' lang='lat' dir='ltr'>atque</span> <span class='ocrx_word' id='word_1_11' title='bbox 738 407 764 462; x_wconf 93' lang='lat' dir='ltr'>in</span> <span class='ocrx_word' id='word_1_12' title='bbox 774 400 972 472; x_wconf 82' lang='lat' dir='ltr'>perseuerantia</span> <span class='ocrx_word' id='word_1_13' title='bbox 987 400 1012 460; x_wconf 88' lang='grc' dir='ltr'>Λ</span> <span class='ocrx_word' id='word_1_14' title='bbox 1026 409 1115 468; x_wconf 87' lang='lat' dir='ltr'>pastor</span> <span class='ocrx_word' id='word_1_15' title='bbox 1140 415 1222 470; x_wconf 88' lang='lat' dir='ltr'>opere</span> <span class='ocrx_word' id='word_1_16' title='bbox 1244 404 1406 472; x_wconf 73' lang='lat' dir='ltr'><strong>competenti</strong></span> <span class='ocrx_word' id='word_1_17' title='bbox 1434 402 1466 459; x_wconf 91' lang='lat' dir='ltr'>ad</span> <span class='ocrx_word' id='word_1_18' title='bbox 1489 398 1614 462; x_wconf 87' lang='lat' dir='ltr'>ellectum</span> <span class='ocrx_word' id='word_1_19' title='bbox 1637 400 1812 480; x_wconf 85' lang='lat' dir='ltr'>perducebat,</span> 
     </span>
    </p>
   </div>
   <div class='ocr_carea' id='block_1_2' title="bbox 180 491 975 1467">
    <p class='ocr_par' dir='ltr' id='par_1_2' title="bbox 180 491 975 1467">
     <span class='ocr_line' id='line_1_3' title="bbox 188 491 971 566; baseline -0.009 -14"><span class='ocrx_word' id='word_1_20' title='bbox 188 491 355 558; x_wconf 88' lang='lat' dir='ltr'>ebodieatiac,</span> <span class='ocrx_word' id='word_1_21' title='bbox 369 507 428 562; x_wconf 74' lang='lat' dir='ltr'>quae</span> <span class='ocrx_word' id='word_1_22' title='bbox 442 492 572 548; x_wconf 89' lang='lat' dir='ltr'>bonorum</span> <span class='ocrx_word' id='word_1_23' title='bbox 584 510 693 566; x_wconf 88' lang='lat' dir='ltr'>opernm</span> <span class='ocrx_word' id='word_1_24' title='bbox 703 491 971 566; x_wconf 85' lang='lat' dir='ltr'>erediturperiectiu;</span> 
     </span>
     <span class='ocr_line' id='line_1_4' title="bbox 186 581 972 656; baseline -0.008 -16"><span class='ocrx_word' id='word_1_25' title='bbox 186 583 327 642; x_wconf 73' lang='lat' dir='ltr'>terentem</span> <span class='ocrx_word' id='word_1_26' title='bbox 342 597 457 652; x_wconf 91' lang='lat' dir='ltr'>quoque,</span> <span class='ocrx_word' id='word_1_27' title='bbox 473 583 500 638; x_wconf 93' lang='lat' dir='ltr'>itt</span> <span class='ocrx_word' id='word_1_28' title='bbox 522 584 648 641; x_wconf 83' lang='lat' dir='ltr'>solitariis</span> <span class='ocrx_word' id='word_1_29' title='bbox 663 585 803 656; x_wconf 71' lang='lat' dir='ltr'>degentem</span> <span class='ocrx_word' id='word_1_30' title='bbox 824 581 972 646; x_wconf 79' lang='lat' dir='ltr'>scrobibus,</span> 
     </span>
     <span class='ocr_line' id='line_1_5' title="bbox 187 673 972 747; baseline -0.004 -16"><span class='ocrx_word' id='word_1_31' title='bbox 187 686 266 745; x_wconf 83' lang='lat' dir='ltr'>atque</span> <span class='ocrx_word' id='word_1_32' title='bbox 285 673 409 730; x_wconf 73' lang='lat' dir='ltr'>laudabili</span> <span class='ocrx_word' id='word_1_33' title='bbox 437 676 617 733; x_wconf 83' lang='lat' dir='ltr'>remotionen</span> <span class='ocrx_word' id='word_1_34' title='bbox 646 688 791 747; x_wconf 90' lang='lat' dir='ltr'>conspectu</span> <span class='ocrx_word' id='word_1_35' title='bbox 816 677 972 738; x_wconf 89' lang='lat' dir='ltr'>bominunt;</span> 
     </span>
     <span class='ocr_line' id='line_1_6' title="bbox 190 764 974 837; baseline -0.01 -12"><span class='ocrx_word' id='word_1_36' title='bbox 190 766 237 825; x_wconf 86' lang='lat' dir='ltr'>ten</span> <span class='ocrx_word' id='word_1_37' title='bbox 250 780 356 837; x_wconf 88' lang='lat' dir='ltr'>quoqne</span> <span class='ocrx_word' id='word_1_38' title='bbox 370 766 455 821; x_wconf 81' lang='lat' dir='ltr'>tirum</span> <span class='ocrx_word' id='word_1_39' title='bbox 472 781 573 821; x_wconf 79' lang='lat' dir='ltr'>sumana</span> <span class='ocrx_word' id='word_1_40' title='bbox 589 766 687 823; x_wconf 82' lang='lat' dir='ltr'>uirtute</span> <span class='ocrx_word' id='word_1_41' title='bbox 701 765 873 831; x_wconf 77' lang='lat' dir='ltr'><strong>laudabilem,</strong></span> <span class='ocrx_word' id='word_1_42' title='bbox 887 764 914 819; x_wconf 89' lang='lat' dir='ltr'>in</span> <span class='ocrx_word' id='word_1_43' title='bbox 927 778 974 833; x_wconf 87' lang='lat' dir='ltr'>pa·</span> 
     </span>
     <span class='ocr_line' id='line_1_7' title="bbox 187 855 973 928; baseline -0.008 -14"><span class='ocrx_word' id='word_1_44' title='bbox 187 859 286 916; x_wconf 73' lang='lat' dir='ltr'>aientia</span> <span class='ocrx_word' id='word_1_45' title='bbox 309 855 415 911; x_wconf 86' lang='lat' dir='ltr'>lerrorc</span> <span class='ocrx_word' id='word_1_46' title='bbox 439 856 621 914; x_wconf 75' lang='lat' dir='ltr'>indesinenter</span> <span class='ocrx_word' id='word_1_47' title='bbox 643 859 810 928; x_wconf 88' lang='lat' dir='ltr'>assequitur,</span> <span class='ocrx_word' id='word_1_48' title='bbox 835 871 868 912; x_wconf 89' lang='lat' dir='ltr'>ne</span> <span class='ocrx_word' id='word_1_49' title='bbox 890 857 917 910; x_wconf 92' lang='lat' dir='ltr'>iu</span> <span class='ocrx_word' id='word_1_50' title='bbox 940 868 973 909; x_wconf 91' lang='lat' dir='ltr'>eo</span> 
     </span>
     <span class='ocr_line' id='line_1_8' title="bbox 186 944 975 1020; baseline 0.001 -22"><span class='ocrx_word' id='word_1_51' title='bbox 186 945 267 1016; x_wconf 73' lang='lat' dir='ltr'>(equod</span> <span class='ocrx_word' id='word_1_52' title='bbox 279 945 360 1015; x_wconf 88' lang='lat' dir='ltr'>absit)</span> <span class='ocrx_word' id='word_1_53' title='bbox 374 944 431 1002; x_wconf 84' lang='lat' dir='ltr'>lieri</span> <span class='ocrx_word' id='word_1_54' title='bbox 447 955 538 1015; x_wconf 87' lang='lat' dir='ltr'>posset</span> <span class='ocrx_word' id='word_1_55' title='bbox 552 947 624 1020; x_wconf 89' lang='lat' dir='ltr'>quud</span> <span class='ocrx_word' id='word_1_56' title='bbox 638 948 736 1005; x_wconf 93' lang='lat' dir='ltr'>alieubi</span> <span class='ocrx_word' id='word_1_57' title='bbox 752 949 848 1019; x_wconf 77' lang='lat' dir='ltr'>legitur</span> <span class='ocrx_word' id='word_1_58' title='bbox 864 966 871 1001; x_wconf 78' lang='grc' dir='ltr'>ι</span> <span class='ocrx_word' id='word_1_59' title='bbox 887 963 896 997; x_wconf 85' lang='grc' dir='ltr'>ι</span> <span class='ocrx_word' id='word_1_60' title='bbox 910 945 975 1001; x_wconf 87' lang='lat' dir='ltr'>Ont-</span> 
     </span>
     <span class='ocr_line' id='line_1_9' title="bbox 184 1036 972 1109; baseline -0.004 -17"><span class='ocrx_word' id='word_1_61' title='bbox 184 1037 227 1092; x_wconf 87' lang='lat' dir='ltr'>uls</span> <span class='ocrx_word' id='word_1_62' title='bbox 240 1036 325 1091; x_wconf 77' lang='lat' dir='ltr'>altius</span> <span class='ocrx_word' id='word_1_63' title='bbox 338 1044 379 1091; x_wconf 86' lang='lat' dir='ltr'>est</span> <span class='ocrx_word' id='word_1_64' title='bbox 390 1037 480 1104; x_wconf 82' lang='lat' dir='ltr'>ridet,</span> <span class='ocrx_word' id='word_1_65' title='bbox 495 1054 575 1108; x_wconf 87' lang='lat' dir='ltr'>quant</span> <span class='ocrx_word' id='word_1_66' title='bbox 595 1038 671 1094; x_wconf 91' lang='lat' dir='ltr'>lortis</span> <span class='ocrx_word' id='word_1_67' title='bbox 697 1055 750 1095; x_wconf 91' lang='lat' dir='ltr'>non</span> <span class='ocrx_word' id='word_1_68' title='bbox 766 1039 853 1094; x_wconf 91' lang='lat' dir='ltr'>llrtuat</span> <span class='ocrx_word' id='word_1_69' title='bbox 869 1037 972 1109; x_wconf 90' lang='lat' dir='ltr'>patien-</span> 
     </span>
     <span class='ocr_line' id='line_1_10' title="bbox 182 1125 972 1199; baseline -0.003 -17"><span class='ocrx_word' id='word_1_70' title='bbox 182 1126 262 1191; x_wconf 78' lang='lat' dir='ltr'>tia3a</span> <span class='ocrx_word' id='word_1_71' title='bbox 280 1127 306 1180; x_wconf 92' lang='lat' dir='ltr'>in</span> <span class='ocrx_word' id='word_1_72' title='bbox 324 1127 464 1183; x_wconf 84' lang='lat' dir='ltr'>charitatis</span> <span class='ocrx_word' id='word_1_73' title='bbox 489 1130 596 1185; x_wconf 85' lang='lat' dir='ltr'>lectore</span> <span class='ocrx_word' id='word_1_74' title='bbox 622 1131 716 1196; x_wconf 85' lang='lat' dir='ltr'>llatid,</span> <span class='ocrx_word' id='word_1_75' title='bbox 731 1129 851 1199; x_wconf 77' lang='lat' dir='ltr'>belligeri</span> <span class='ocrx_word' id='word_1_76' title='bbox 866 1125 972 1183; x_wconf 87' lang='lat' dir='ltr'>Golinth</span> 
     </span>
     <span class='ocr_line' id='line_1_11' title="bbox 183 1216 973 1288; baseline 0.001 -20"><span class='ocrx_word' id='word_1_77' title='bbox 183 1222 225 1276; x_wconf 81' lang='grc' dir='ltr'>(ιι</span> <span class='ocrx_word' id='word_1_78' title='bbox 241 1216 323 1271; x_wconf 78' lang='lat' dir='ltr'><strong>refert</strong></span> <span class='ocrx_word' id='word_1_79' title='bbox 336 1217 485 1285; x_wconf 86' lang='lat' dir='ltr'>Scriptura)</span> <span class='ocrx_word' id='word_1_80' title='bbox 501 1218 628 1272; x_wconf 85' lang='grc' dir='ltr'><strong>ιιιιοιιιι</strong></span> <span class='ocrx_word' id='word_1_81' title='bbox 645 1219 772 1288; x_wconf 84' lang='lat' dir='ltr'>typicum,</span> <span class='ocrx_word' id='word_1_82' title='bbox 785 1232 864 1286; x_wconf 87' lang='lat' dir='ltr'>quern</span> <span class='ocrx_word' id='word_1_83' title='bbox 883 1217 973 1285; x_wconf 86' lang='lat' dir='ltr'>sequi·</span> 
     </span>
     <span class='ocr_line' id='line_1_12' title="bbox 180 1305 972 1372; baseline 0.003 -11"><span class='ocrx_word' id='word_1_84' title='bbox 180 1318 228 1361; x_wconf 92' lang='lat' dir='ltr'>tur</span> <span class='ocrx_word' id='word_1_85' title='bbox 253 1305 324 1371; x_wconf 87' lang='lat' dir='ltr'>iste,</span> <span class='ocrx_word' id='word_1_86' title='bbox 353 1305 458 1359; x_wconf 76' lang='grc' dir='ltr'><strong>ιιιιιιιιι</strong></span> <span class='ocrx_word' id='word_1_87' title='bbox 486 1307 637 1372; x_wconf 89' lang='lat' dir='ltr'>superando</span> <span class='ocrx_word' id='word_1_88' title='bbox 661 1307 755 1361; x_wconf 79' lang='lat' dir='ltr'>sitium</span> <span class='ocrx_word' id='word_1_89' title='bbox 777 1325 784 1362; x_wconf 92' lang='lat'>:</span> <span class='ocrx_word' id='word_1_90' title='bbox 805 1308 831 1362; x_wconf 91' lang='lat' dir='ltr'>in</span> <span class='ocrx_word' id='word_1_91' title='bbox 852 1309 972 1363; x_wconf 84' lang='lat' dir='ltr'>castitate</span> 
     </span>
     <span class='ocr_line' id='line_1_13' title="bbox 181 1391 973 1467; baseline 0.013 -24"><span class='ocrx_word' id='word_1_92' title='bbox 181 1391 320 1461; x_wconf 89' lang='lat' dir='ltr'>utriusque</span> <span class='ocrx_word' id='word_1_93' title='bbox 335 1393 491 1448; x_wconf 82' lang='lat' dir='ltr'>substantiae</span> <span class='ocrx_word' id='word_1_94' title='bbox 505 1393 646 1459; x_wconf 89' lang='lat' dir='ltr'>loannem,</span> <span class='ocrx_word' id='word_1_95' title='bbox 662 1397 773 1452; x_wconf 88' lang='lat' dir='ltr'>citarum</span> <span class='ocrx_word' id='word_1_96' title='bbox 789 1396 895 1454; x_wconf 81' lang='lat' dir='ltr'>Cltrlsto</span> <span class='ocrx_word' id='word_1_97' title='bbox 909 1412 973 1467; x_wconf 88' lang='lat' dir='ltr'>apo·</span> 
     </span>
    </p>
   </div>
   <div class='ocr_carea' id='block_1_3' title="bbox 1024 488 1847 1468">
    <p class='ocr_par' dir='ltr' id='par_1_3' title="bbox 1024 488 1847 1468">
     <span class='ocr_line' id='line_1_14' title="bbox 1025 488 1813 561; baseline 0.018 -18"><span class='ocrx_word' id='word_1_98' title='bbox 1025 488 1119 544; x_wconf 91' lang='lat' dir='ltr'>sedulo</span> <span class='ocrx_word' id='word_1_99' title='bbox 1133 491 1246 561; x_wconf 89' lang='lat' dir='ltr'>cupiens</span> <span class='ocrx_word' id='word_1_100' title='bbox 1260 489 1362 548; x_wconf 89' lang='lat' dir='ltr'>relerre</span> <span class='ocrx_word' id='word_1_101' title='bbox 1375 494 1477 550; x_wconf 83' lang='lat' dir='ltr'>laenam</span> <span class='ocrx_word' id='word_1_102' title='bbox 1492 495 1525 551; x_wconf 90' lang='lat' dir='ltr'>tle</span> <span class='ocrx_word' id='word_1_103' title='bbox 1542 496 1640 553; x_wconf 87' lang='lat' dir='ltr'>talento</span> <span class='ocrx_word' id='word_1_104' title='bbox 1662 501 1712 555; x_wconf 88' lang='lat' dir='ltr'>sibi</span> <span class='ocrx_word' id='word_1_105' title='bbox 1727 517 1742 558; x_wconf 91' lang='lat' dir='ltr'>a</span> <span class='ocrx_word' id='word_1_106' title='bbox 1759 502 1813 559; x_wconf 84' lang='lat' dir='ltr'>[teo</span> 
     </span>
     <span class='ocr_line' id='line_1_15' title="bbox 1025 579 1813 662; baseline 0.019 -28"><span class='ocrx_word' id='word_1_107' title='bbox 1025 579 1180 638; x_wconf 85' lang='lat' dir='ltr'>commisso.</span> <span class='ocrx_word' id='word_1_108' title='bbox 1196 580 1235 638; x_wconf 85' lang='lat' dir='ltr'>Eo</span> <span class='ocrx_word' id='word_1_109' title='bbox 1247 591 1367 653; x_wconf 90' lang='lat' dir='ltr'>ternpore</span> <span class='ocrx_word' id='word_1_110' title='bbox 1378 583 1450 640; x_wconf 89' lang='lat' dir='ltr'>illius</span> <span class='ocrx_word' id='word_1_111' title='bbox 1461 589 1604 658; x_wconf 78' lang='lat' dir='ltr'>prouincia</span> <span class='ocrx_word' id='word_1_112' title='bbox 1616 592 1738 660; x_wconf 89' lang='lat' dir='ltr'>populns,</span> <span class='ocrx_word' id='word_1_113' title='bbox 1750 609 1813 662; x_wconf 86' lang='lat' dir='ltr'>pcr-</span> 
     </span>
     <span class='ocr_line' id='line_1_16' title="bbox 1024 672 1814 746; baseline 0.018 -24"><span class='ocrx_word' id='word_1_114' title='bbox 1024 678 1118 724; x_wconf 86' lang='lat' dir='ltr'>rersus</span> <span class='ocrx_word' id='word_1_115' title='bbox 1132 684 1224 740; x_wconf 88' lang='lat' dir='ltr'>opere,</span> <span class='ocrx_word' id='word_1_116' title='bbox 1248 672 1369 742; x_wconf 83' lang='lat' dir='ltr'>quamvis</span> <span class='ocrx_word' id='word_1_117' title='bbox 1381 673 1502 731; x_wconf 86' lang='lat' dir='ltr'>subditus</span> <span class='ocrx_word' id='word_1_118' title='bbox 1517 676 1576 732; x_wconf 85' lang='lat' dir='ltr'>lidei</span> <span class='ocrx_word' id='word_1_119' title='bbox 1592 686 1700 746; x_wconf 84' lang='lat' dir='ltr'>nostrae,</span> <span class='ocrx_word' id='word_1_120' title='bbox 1723 684 1814 736; x_wconf 81' lang='lat' dir='ltr'>eecle-</span> 
     </span>
     <span class='ocr_line' id='line_1_17' title="bbox 1025 759 1814 833; baseline 0.015 -19"><span class='ocrx_word' id='word_1_121' title='bbox 1025 759 1091 815; x_wconf 89' lang='lat' dir='ltr'>slatn</span> <span class='ocrx_word' id='word_1_122' title='bbox 1107 776 1159 816; x_wconf 92' lang='lat' dir='ltr'>non</span> <span class='ocrx_word' id='word_1_123' title='bbox 1170 761 1367 833; x_wconf 69' lang='lat' dir='ltr'>frequentabat,</span> <span class='ocrx_word' id='word_1_124' title='bbox 1380 778 1430 820; x_wconf 91' lang='lat' dir='ltr'>nce</span> <span class='ocrx_word' id='word_1_125' title='bbox 1443 766 1609 823; x_wconf 88' lang='lat' dir='ltr'>sacerdotum</span> <span class='ocrx_word' id='word_1_126' title='bbox 1626 769 1690 826; x_wconf 91' lang='lat' dir='ltr'>satis</span> <span class='ocrx_word' id='word_1_127' title='bbox 1703 772 1814 827; x_wconf 90' lang='lat' dir='ltr'>curabat</span> 
     </span>
     <span class='ocr_line' id='line_1_18' title="bbox 1024 841 1814 922; baseline 0.014 -19"><span class='ocrx_word' id='word_1_128' title='bbox 1024 849 1166 919; x_wconf 88' lang='lat' dir='ltr'>imperium</span> <span class='ocrx_word' id='word_1_129' title='bbox 1183 869 1190 904; x_wconf 90' lang='lat'>:</span> <span class='ocrx_word' id='word_1_130' title='bbox 1205 854 1284 922; x_wconf 88' lang='lat' dir='ltr'>quern</span> <span class='ocrx_word' id='word_1_131' title='bbox 1300 841 1472 910; x_wconf 80' lang='lat' dir='ltr'>rir&#39;blandns</span> <span class='ocrx_word' id='word_1_132' title='bbox 1488 855 1577 911; x_wconf 80' lang='lat' dir='ltr'>serbis</span> <span class='ocrx_word' id='word_1_133' title='bbox 1599 873 1711 915; x_wconf 83' lang='lat' dir='ltr'>ntouens</span> <span class='ocrx_word' id='word_1_134' title='bbox 1725 860 1814 916; x_wconf 83' lang='lat' dir='ltr'>suari·</span> 
     </span>
     <span class='ocr_line' id='line_1_19' title="bbox 1024 938 1847 1022; baseline 0.015 -28"><span class='ocrx_word' id='word_1_135' title='bbox 1024 938 1085 1008; x_wconf 90' lang='lat' dir='ltr'>bus,</span> <span class='ocrx_word' id='word_1_136' title='bbox 1101 951 1128 995; x_wconf 90' lang='lat' dir='ltr'>ct</span> <span class='ocrx_word' id='word_1_137' title='bbox 1142 940 1231 997; x_wconf 82' lang='lat' dir='ltr'>divina</span> <span class='ocrx_word' id='word_1_138' title='bbox 1254 957 1327 1013; x_wconf 76' lang='lat' dir='ltr'>saepe</span> <span class='ocrx_word' id='word_1_139' title='bbox 1356 943 1397 1014; x_wconf 91' lang='lat' dir='ltr'>(nt</span> <span class='ocrx_word' id='word_1_140' title='bbox 1421 946 1496 1000; x_wconf 90' lang='lat' dir='ltr'>locus</span> <span class='ocrx_word' id='word_1_141' title='bbox 1522 946 1618 1016; x_wconf 80' lang='lat' dir='ltr'>inerat)</span> <span class='ocrx_word' id='word_1_142' title='bbox 1642 949 1747 1020; x_wconf 86' lang='lat' dir='ltr'>eloquia</span> <span class='ocrx_word' id='word_1_143' title='bbox 1771 966 1812 1004; x_wconf 84' lang='lat' dir='ltr'>re·</span> <span class='ocrx_word' id='word_1_144' title='bbox 1843 964 1847 1022; x_wconf 86' lang='grc' dir='ltr'>ι</span> 
     </span>
     <span class='ocr_line' id='line_1_20' title="bbox 1025 1023 1847 1100; baseline 0.016 -14"><span class='ocrx_word' id='word_1_145' title='bbox 1025 1038 1136 1100; x_wconf 84' lang='lat' dir='ltr'>terem,</span> <span class='ocrx_word' id='word_1_146' title='bbox 1163 1035 1336 1091; x_wconf 76' lang='lat' dir='ltr'>saecularibus</span> <span class='ocrx_word' id='word_1_147' title='bbox 1347 1036 1381 1091; x_wconf 92' lang='lat' dir='ltr'>ad</span> <span class='ocrx_word' id='word_1_148' title='bbox 1395 1037 1535 1094; x_wconf 88' lang='lat' dir='ltr'>ecclesiam</span> <span class='ocrx_word' id='word_1_149' title='bbox 1550 1039 1670 1096; x_wconf 75' lang='lat' dir='ltr'>modeste</span> <span class='ocrx_word' id='word_1_150' title='bbox 1682 1056 1813 1098; x_wconf 78' lang='lat' dir='ltr'>convoca·</span> <span class='ocrx_word' id='word_1_151' title='bbox 1845 1023 1847 1038; x_wconf 18' lang='grc' dir='ltr'><strong>ἱ</strong></span> 
     </span>
     <span class='ocr_line' id='line_1_21' title="bbox 1025 1123 1845 1200; baseline 0.018 -24"><span class='ocrx_word' id='word_1_152' title='bbox 1025 1123 1069 1188; x_wconf 90' lang='lat' dir='ltr'>tis,</span> <span class='ocrx_word' id='word_1_153' title='bbox 1092 1128 1233 1197; x_wconf 71' lang='lat' dir='ltr'>preceptis</span> <span class='ocrx_word' id='word_1_154' title='bbox 1247 1142 1294 1183; x_wconf 91' lang='lat' dir='ltr'>eos</span> <span class='ocrx_word' id='word_1_155' title='bbox 1309 1127 1468 1185; x_wconf 76' lang='lat' dir='ltr'>ecundanat</span> <span class='ocrx_word' id='word_1_156' title='bbox 1482 1130 1654 1187; x_wconf 89' lang='lat' dir='ltr'>salutaribus.</span> <span class='ocrx_word' id='word_1_157' title='bbox 1673 1135 1729 1200; x_wconf 86' lang='lat' dir='ltr'>Qua</span> <span class='ocrx_word' id='word_1_158' title='bbox 1743 1136 1770 1189; x_wconf 94' lang='lat' dir='ltr'>iu</span> <span class='ocrx_word' id='word_1_159' title='bbox 1784 1151 1813 1191; x_wconf 90' lang='lat' dir='ltr'>re</span> <span class='ocrx_word' id='word_1_160' title='bbox 1842 1124 1845 1129; x_wconf 71' lang='grc'>’</span> 
     </span>
     <span class='ocr_line' id='line_1_22' title="bbox 1025 1213 1811 1293; baseline 0.011 -24"><span class='ocrx_word' id='word_1_161' title='bbox 1025 1213 1165 1270; x_wconf 81' lang='lat' dir='ltr'>{lectorem</span> <span class='ocrx_word' id='word_1_162' title='bbox 1180 1218 1299 1286; x_wconf 77' lang='lat' dir='ltr'>gentium</span> <span class='ocrx_word' id='word_1_163' title='bbox 1315 1219 1477 1286; x_wconf 79' lang='lat' dir='ltr'>imitabatur,</span> <span class='ocrx_word' id='word_1_164' title='bbox 1503 1223 1548 1288; x_wconf 91' lang='lat' dir='ltr'>qui</span> <span class='ocrx_word' id='word_1_165' title='bbox 1570 1222 1682 1278; x_wconf 84' lang='lat' dir='ltr'>rudibus</span> <span class='ocrx_word' id='word_1_166' title='bbox 1697 1225 1737 1280; x_wconf 90' lang='lat' dir='ltr'>lae</span> <span class='ocrx_word' id='word_1_167' title='bbox 1755 1225 1811 1293; x_wconf 91' lang='lat' dir='ltr'>pri·</span> 
     </span>
     <span class='ocr_line' id='line_1_23' title="bbox 1024 1307 1811 1386; baseline 0.011 -27"><span class='ocrx_word' id='word_1_168' title='bbox 1024 1319 1096 1359; x_wconf 84' lang='lat' dir='ltr'>munt</span> <span class='ocrx_word' id='word_1_169' title='bbox 1110 1307 1234 1386; x_wconf 81' lang='lat' dir='ltr'>praebuit,</span> <span class='ocrx_word' id='word_1_170' title='bbox 1249 1317 1276 1363; x_wconf 91' lang='lat' dir='ltr'>et</span> <span class='ocrx_word' id='word_1_171' title='bbox 1288 1317 1381 1378; x_wconf 88' lang='lat' dir='ltr'>postea</span> <span class='ocrx_word' id='word_1_172' title='bbox 1393 1310 1475 1366; x_wconf 88' lang='lat' dir='ltr'>iertcs</span> <span class='ocrx_word' id='word_1_173' title='bbox 1488 1311 1548 1367; x_wconf 85' lang='lat' dir='ltr'>cibo</span> <span class='ocrx_word' id='word_1_174' title='bbox 1559 1312 1645 1368; x_wconf 91' lang='lat' dir='ltr'>solido</span> <span class='ocrx_word' id='word_1_175' title='bbox 1655 1314 1737 1382; x_wconf 84' lang='lat' dir='ltr'>parit.</span> <span class='ocrx_word' id='word_1_176' title='bbox 1752 1313 1811 1371; x_wconf 89' lang='lat' dir='ltr'>lina</span> 
     </span>
     <span class='ocr_line' id='line_1_24' title="bbox 1025 1398 1811 1468; baseline 0.011 -18"><span class='ocrx_word' id='word_1_177' title='bbox 1025 1410 1140 1468; x_wconf 86' lang='lat' dir='ltr'>namque</span> <span class='ocrx_word' id='word_1_178' title='bbox 1152 1398 1256 1454; x_wconf 89' lang='lat' dir='ltr'>sabbati</span> <span class='ocrx_word' id='word_1_179' title='bbox 1267 1401 1300 1455; x_wconf 90' lang='lat' dir='ltr'>ad</span> <span class='ocrx_word' id='word_1_180' title='bbox 1320 1400 1441 1456; x_wconf 88' lang='lat' dir='ltr'>eamdent</span> <span class='ocrx_word' id='word_1_181' title='bbox 1456 1403 1561 1467; x_wconf 90' lang='lat' dir='ltr'>urbem,</span> <span class='ocrx_word' id='word_1_182' title='bbox 1577 1414 1752 1460; x_wconf 86' lang='lat' dir='ltr'>mercatorem</span> <span class='ocrx_word' id='word_1_183' title='bbox 1778 1421 1811 1461; x_wconf 83' lang='lat' dir='ltr'>ex</span> 
     </span>
    </p>
   </div>
   <div class='ocr_carea' id='block_1_4' title="bbox 178 1479 1899 4387">
    <p class='ocr_par' dir='ltr' id='par_1_4' title="bbox 178 1479 1899 4387">
     <span class='ocr_line' id='line_1_25' title="bbox 182 1479 1809 1566; baseline 0.01 -32"><span class='ocrx_word' id='word_1_184' title='bbox 182 1479 294 1549; x_wconf 82' lang='lat' dir='ltr'>stolum,</span> <span class='ocrx_word' id='word_1_185' title='bbox 315 1498 392 1550; x_wconf 86' lang='lat' dir='ltr'>quern</span> <span class='ocrx_word' id='word_1_186' title='bbox 415 1496 579 1553; x_wconf 75' lang='lat' dir='ltr'>cognoverat</span> <span class='ocrx_word' id='word_1_187' title='bbox 600 1487 798 1558; x_wconf 89' lang='lat' dir='ltr'>quodammodo</span> <span class='ocrx_word' id='word_1_188' title='bbox 819 1489 869 1543; x_wconf 91' lang='lat' dir='ltr'>ltac</span> <span class='ocrx_word' id='word_1_189' title='bbox 892 1489 970 1543; x_wconf 88' lang='lat' dir='ltr'>etium</span> <span class='ocrx_word' id='word_1_190' title='bbox 1022 1491 1139 1545; x_wconf 85' lang='lat' dir='ltr'>dirersis</span> <span class='ocrx_word' id='word_1_191' title='bbox 1158 1492 1277 1562; x_wconf 87' lang='lat' dir='ltr'>partibus</span> <span class='ocrx_word' id='word_1_192' title='bbox 1292 1493 1434 1548; x_wconf 84' lang='lat' dir='ltr'>multitudo</span> <span class='ocrx_word' id='word_1_193' title='bbox 1446 1493 1657 1566; x_wconf 67' lang='lat' dir='ltr'>congregabatur</span> <span class='ocrx_word' id='word_1_194' title='bbox 1671 1497 1809 1551; x_wconf 82' lang='lat' dir='ltr'>tnaaintaa</span> 
     </span>
     <span class='ocr_line' id='line_1_26' title="bbox 182 1569 1811 1652; baseline 0.012 -30"><span class='ocrx_word' id='word_1_195' title='bbox 182 1569 348 1640; x_wconf 88' lang='lat' dir='ltr'>piatateplus</span> <span class='ocrx_word' id='word_1_196' title='bbox 363 1572 422 1626; x_wconf 87' lang='lat' dir='ltr'>aliis</span> <span class='ocrx_word' id='word_1_197' title='bbox 437 1573 524 1627; x_wconf 88' lang='lat' dir='ltr'>eidem</span> <span class='ocrx_word' id='word_1_198' title='bbox 539 1575 650 1630; x_wconf 85' lang='lat' dir='ltr'>lietuino</span> <span class='ocrx_word' id='word_1_199' title='bbox 665 1576 872 1647; x_wconf 78' lang='lat' dir='ltr'>complacuisse.</span> <span class='ocrx_word' id='word_1_200' title='bbox 887 1576 971 1631; x_wconf 81' lang='lat' dir='ltr'>Cete-</span> <span class='ocrx_word' id='word_1_201' title='bbox 1024 1581 1066 1634; x_wconf 89' lang='lat' dir='ltr'>eni</span> <span class='ocrx_word' id='word_1_202' title='bbox 1089 1592 1165 1650; x_wconf 88' lang='lat' dir='ltr'>pater</span> <span class='ocrx_word' id='word_1_203' title='bbox 1190 1582 1250 1647; x_wconf 91' lang='lat' dir='ltr'>istc,</span> <span class='ocrx_word' id='word_1_204' title='bbox 1275 1584 1455 1652; x_wconf 85' lang='lat' dir='ltr'>apostolorum</span> <span class='ocrx_word' id='word_1_205' title='bbox 1480 1585 1606 1652; x_wconf 82' lang='lat' dir='ltr'>imitator,</span> <span class='ocrx_word' id='word_1_206' title='bbox 1627 1597 1702 1641; x_wconf 83' lang='lat' dir='ltr'>extra</span> <span class='ocrx_word' id='word_1_207' title='bbox 1716 1586 1811 1642; x_wconf 88' lang='lat' dir='ltr'>urbem</span> 
     </span>
     <span class='ocr_line' id='line_1_27' title="bbox 182 1663 1811 1746; baseline 0.01 -31"><span class='ocrx_word' id='word_1_208' title='bbox 182 1674 242 1716; x_wconf 88' lang='lat' dir='ltr'>rum</span> <span class='ocrx_word' id='word_1_209' title='bbox 264 1663 290 1716; x_wconf 92' lang='lat' dir='ltr'>in</span> <span class='ocrx_word' id='word_1_210' title='bbox 311 1679 381 1718; x_wconf 80' lang='lat' dir='ltr'>torae</span> <span class='ocrx_word' id='word_1_211' title='bbox 396 1667 589 1735; x_wconf 84' lang='lat' dir='ltr'>compassionis</span> <span class='ocrx_word' id='word_1_212' title='bbox 604 1670 751 1738; x_wconf 90' lang='lat' dir='ltr'>proposito,</span> <span class='ocrx_word' id='word_1_213' title='bbox 772 1683 850 1738; x_wconf 90' lang='lat' dir='ltr'>quem</span> <span class='ocrx_word' id='word_1_214' title='bbox 865 1667 907 1722; x_wconf 86' lang='lat' dir='ltr'>tir</span> <span class='ocrx_word' id='word_1_215' title='bbox 921 1667 971 1722; x_wconf 92' lang='lat' dir='ltr'>iste</span> <span class='ocrx_word' id='word_1_216' title='bbox 1024 1672 1145 1728; x_wconf 79' lang='lat' dir='ltr'>veniebat</span> <span class='ocrx_word' id='word_1_217' title='bbox 1155 1674 1279 1740; x_wconf 87' lang='lat' dir='ltr'>obniam;</span> <span class='ocrx_word' id='word_1_218' title='bbox 1295 1688 1325 1730; x_wconf 88' lang='lat' dir='ltr'>ae</span> <span class='ocrx_word' id='word_1_219' title='bbox 1337 1692 1417 1746; x_wconf 89' lang='lat' dir='ltr'>super</span> <span class='ocrx_word' id='word_1_220' title='bbox 1433 1688 1539 1746; x_wconf 87' lang='lat' dir='ltr'>pontem</span> <span class='ocrx_word' id='word_1_221' title='bbox 1555 1677 1651 1733; x_wconf 90' lang='lat' dir='ltr'>stando</span> <span class='ocrx_word' id='word_1_222' title='bbox 1665 1678 1755 1734; x_wconf 89' lang='lat' dir='ltr'>tandiu</span> <span class='ocrx_word' id='word_1_223' title='bbox 1769 1678 1811 1732; x_wconf 92' lang='lat' dir='ltr'>di-</span> 
     </span>
     <span class='ocr_line' id='line_1_28' title="bbox 183 1737 1812 1840; baseline 0.007 -32"><span class='ocrx_word' id='word_1_224' title='bbox 183 1755 367 1809; x_wconf 87' lang='lat' dir='ltr'>sanetissimus</span> <span class='ocrx_word' id='word_1_225' title='bbox 386 1758 556 1825; x_wconf 78' lang='lat' dir='ltr'>sequebatur,</span> <span class='ocrx_word' id='word_1_226' title='bbox 574 1759 623 1812; x_wconf 90' lang='lat' dir='ltr'>nisi</span> <span class='ocrx_word' id='word_1_227' title='bbox 639 1758 725 1828; x_wconf 90' lang='lat' dir='ltr'>ipsutn</span> <span class='ocrx_word' id='word_1_228' title='bbox 740 1774 829 1814; x_wconf 88' lang='lat' dir='ltr'>rernm</span> <span class='ocrx_word' id='word_1_229' title='bbox 854 1757 971 1813; x_wconf 86' lang='lat' dir='ltr'>untniuut</span> <span class='ocrx_word' id='word_1_230' title='bbox 989 1737 1011 1797; x_wconf 71' lang='grc' dir='ltr'><strong>Β</strong></span> <span class='ocrx_word' id='word_1_231' title='bbox 1026 1764 1086 1818; x_wconf 69' lang='lat' dir='ltr'>vina</span> <span class='ocrx_word' id='word_1_232' title='bbox 1100 1765 1321 1821; x_wconf 70' lang='lat' dir='ltr'>subinninietranat</span> <span class='ocrx_word' id='word_1_233' title='bbox 1341 1768 1447 1836; x_wconf 75' lang='lat' dir='ltr'>pabula,</span> <span class='ocrx_word' id='word_1_234' title='bbox 1461 1782 1515 1838; x_wconf 83' lang='lat' dir='ltr'>quo</span> <span class='ocrx_word' id='word_1_235' title='bbox 1530 1768 1636 1840; x_wconf 77' lang='lat' dir='ltr'>qnidam</span> <span class='ocrx_word' id='word_1_236' title='bbox 1648 1783 1751 1836; x_wconf 80' lang='lat' dir='ltr'>eornm,</span> <span class='ocrx_word' id='word_1_237' title='bbox 1764 1756 1812 1837; x_wconf 77' lang='lat' dir='ltr'>per</span> 
     </span>
     <span class='ocr_line' id='line_1_29' title="bbox 181 1845 1812 1928; baseline 0.009 -30"><span class='ocrx_word' id='word_1_238' title='bbox 181 1845 380 1916; x_wconf 89' lang='lat' dir='ltr'>laetorcrn,qni</span> <span class='ocrx_word' id='word_1_239' title='bbox 409 1861 456 1916; x_wconf 90' lang='lat' dir='ltr'>pro</span> <span class='ocrx_word' id='word_1_240' title='bbox 482 1849 562 1903; x_wconf 93' lang='lat' dir='ltr'>totins</span> <span class='ocrx_word' id='word_1_241' title='bbox 589 1851 696 1919; x_wconf 78' lang='lat' dir='ltr'>generis</span> <span class='ocrx_word' id='word_1_242' title='bbox 722 1850 830 1905; x_wconf 90' lang='lat' dir='ltr'>ltuntaui</span> <span class='ocrx_word' id='word_1_243' title='bbox 860 1850 970 1918; x_wconf 92' lang='lat' dir='ltr'>delicto,</span> <span class='ocrx_word' id='word_1_244' title='bbox 1024 1853 1093 1908; x_wconf 87' lang='lat' dir='ltr'>terti</span> <span class='ocrx_word' id='word_1_245' title='bbox 1115 1856 1155 1909; x_wconf 90' lang='lat' dir='ltr'>sui</span> <span class='ocrx_word' id='word_1_246' title='bbox 1177 1870 1245 1924; x_wconf 88' lang='lat' dir='ltr'>opus</span> <span class='ocrx_word' id='word_1_247' title='bbox 1266 1854 1812 1928; x_wconf 80' lang='lat' dir='ltr'>divinacunccdentegratia,proquibus</span> 
     </span>
     <span class='ocr_line' id='line_1_30' title="bbox 181 1937 1811 2016; baseline 0.007 -27"><span class='ocrx_word' id='word_1_248' title='bbox 181 1948 279 1990; x_wconf 80' lang='lat' dir='ltr'>amaru</span> <span class='ocrx_word' id='word_1_249' title='bbox 293 1937 385 1991; x_wconf 88' lang='lat' dir='ltr'>mortis</span> <span class='ocrx_word' id='word_1_250' title='bbox 400 1937 516 2008; x_wconf 73' lang='lat' dir='ltr'>gustarit</span> <span class='ocrx_word' id='word_1_251' title='bbox 533 1939 654 2006; x_wconf 89' lang='lat' dir='ltr'>poculum</span> <span class='ocrx_word' id='word_1_252' title='bbox 675 1938 708 1993; x_wconf 90' lang='lat' dir='ltr'>ad</span> <span class='ocrx_word' id='word_1_253' title='bbox 725 1938 907 2008; x_wconf 88' lang='lat' dir='ltr'>tempusllsta</span> <span class='ocrx_word' id='word_1_254' title='bbox 923 1942 973 1994; x_wconf 91' lang='lat' dir='ltr'>sub</span> <span class='ocrx_word' id='word_1_255' title='bbox 1024 1954 1152 2001; x_wconf 90' lang='lat' dir='ltr'>renerant</span> <span class='ocrx_word' id='word_1_256' title='bbox 1177 1946 1358 2016; x_wconf 76' lang='lat' dir='ltr'>relinquentes</span> <span class='ocrx_word' id='word_1_257' title='bbox 1381 1948 1414 2003; x_wconf 91' lang='lat' dir='ltr'>ad</span> <span class='ocrx_word' id='word_1_258' title='bbox 1440 1958 1542 2015; x_wconf 89' lang='lat' dir='ltr'>tempus</span> <span class='ocrx_word' id='word_1_259' title='bbox 1567 1949 1749 2014; x_wconf 89' lang='lat' dir='ltr'>mercimonia,</span> <span class='ocrx_word' id='word_1_260' title='bbox 1777 1948 1811 2001; x_wconf 91' lang='lat' dir='ltr'>ad</span> 
     </span>
     <span class='ocr_line' id='line_1_31' title="bbox 181 2026 1811 2108; baseline 0.006 -26"><span class='ocrx_word' id='word_1_261' title='bbox 181 2026 323 2092; x_wconf 82' lang='lat' dir='ltr'>breuitate,</span> <span class='ocrx_word' id='word_1_262' title='bbox 338 2044 390 2082; x_wconf 90' lang='lat' dir='ltr'>nort</span> <span class='ocrx_word' id='word_1_263' title='bbox 405 2029 438 2084; x_wconf 87' lang='lat' dir='ltr'>ad</span> <span class='ocrx_word' id='word_1_264' title='bbox 455 2028 589 2084; x_wconf 87' lang='lat' dir='ltr'>lastidium</span> <span class='ocrx_word' id='word_1_265' title='bbox 604 2029 733 2098; x_wconf 80' lang='lat' dir='ltr'>alieuius,</span> <span class='ocrx_word' id='word_1_266' title='bbox 749 2029 796 2085; x_wconf 93' lang='lat' dir='ltr'>sed</span> <span class='ocrx_word' id='word_1_267' title='bbox 809 2030 842 2084; x_wconf 93' lang='lat' dir='ltr'>ad</span> <span class='ocrx_word' id='word_1_268' title='bbox 856 2030 972 2085; x_wconf 70' lang='lat' dir='ltr'>{edilice-</span> <span class='ocrx_word' id='word_1_269' title='bbox 1023 2043 1176 2089; x_wconf 88' lang='lat' dir='ltr'>sanctorum</span> <span class='ocrx_word' id='word_1_270' title='bbox 1199 2036 1272 2091; x_wconf 90' lang='lat' dir='ltr'>hone</span> <span class='ocrx_word' id='word_1_271' title='bbox 1299 2049 1394 2106; x_wconf 90' lang='lat' dir='ltr'>sponte</span> <span class='ocrx_word' id='word_1_272' title='bbox 1417 2039 1596 2108; x_wconf 76' lang='lat' dir='ltr'>sequebantur</span> <span class='ocrx_word' id='word_1_273' title='bbox 1609 2047 1700 2095; x_wconf 75' lang='lat' dir='ltr'>sanun</span> <span class='ocrx_word' id='word_1_274' title='bbox 1714 2037 1811 2103; x_wconf 72' lang='lat' dir='ltr'>ovilia,</span> 
     </span>
     <span class='ocr_line' id='line_1_32' title="bbox 183 2116 1808 2198; baseline 0.007 -27"><span class='ocrx_word' id='word_1_275' title='bbox 183 2116 282 2173; x_wconf 87' lang='lat' dir='ltr'>tionem</span> <span class='ocrx_word' id='word_1_276' title='bbox 297 2117 357 2174; x_wconf 90' lang='lat' dir='ltr'>ideo</span> <span class='ocrx_word' id='word_1_277' title='bbox 372 2119 408 2172; x_wconf 91' lang='lat' dir='ltr'>ita</span> <span class='ocrx_word' id='word_1_278' title='bbox 428 2119 645 2183; x_wconf 84' lang='lat' dir='ltr'>trartseurrimus,</span> <span class='ocrx_word' id='word_1_279' title='bbox 667 2120 739 2188; x_wconf 89' lang='lat' dir='ltr'>quia,</span> <span class='ocrx_word' id='word_1_280' title='bbox 758 2131 851 2175; x_wconf 93' lang='lat' dir='ltr'>saneto</span> <span class='ocrx_word' id='word_1_281' title='bbox 864 2119 972 2188; x_wconf 83' lang='lat' dir='ltr'>jtttattlc</span> <span class='ocrx_word' id='word_1_282' title='bbox 1023 2124 1116 2194; x_wconf 87' lang='lat' dir='ltr'>sieque</span> <span class='ocrx_word' id='word_1_283' title='bbox 1130 2126 1155 2179; x_wconf 91' lang='lat' dir='ltr'>iu</span> <span class='ocrx_word' id='word_1_284' title='bbox 1169 2126 1281 2182; x_wconf 91' lang='lat' dir='ltr'>eeclesia</span> <span class='ocrx_word' id='word_1_285' title='bbox 1295 2130 1474 2198; x_wconf 86' lang='lat' dir='ltr'>persistendo,</span> <span class='ocrx_word' id='word_1_286' title='bbox 1490 2141 1582 2185; x_wconf 85' lang='lat' dir='ltr'>saneta</span> <span class='ocrx_word' id='word_1_287' title='bbox 1596 2136 1751 2186; x_wconf 81' lang='lat' dir='ltr'>reverenter</span> <span class='ocrx_word' id='word_1_288' title='bbox 1764 2144 1808 2183; x_wconf 91' lang='lat' dir='ltr'>au·</span> 
     </span>
     <span class='ocr_line' id='line_1_33' title="bbox 182 2207 1811 2291; baseline 0.004 -25"><span class='ocrx_word' id='word_1_289' title='bbox 182 2207 293 2281; x_wconf 84' lang='lat' dir='ltr'>Spiritu,</span> <span class='ocrx_word' id='word_1_290' title='bbox 313 2208 347 2265; x_wconf 93' lang='lat' dir='ltr'>ad</span> <span class='ocrx_word' id='word_1_291' title='bbox 363 2209 415 2264; x_wconf 90' lang='lat' dir='ltr'>alia</span> <span class='ocrx_word' id='word_1_292' title='bbox 430 2209 524 2278; x_wconf 88' lang='lat' dir='ltr'>multa,</span> <span class='ocrx_word' id='word_1_293' title='bbox 541 2211 588 2267; x_wconf 90' lang='lat' dir='ltr'>sed</span> <span class='ocrx_word' id='word_1_294' title='bbox 601 2218 688 2266; x_wconf 90' lang='lat' dir='ltr'>tamen</span> <span class='ocrx_word' id='word_1_295' title='bbox 704 2212 824 2282; x_wconf 82' lang='lat' dir='ltr'>ejusdem</span> <span class='ocrx_word' id='word_1_296' title='bbox 839 2211 888 2267; x_wconf 83' lang='lat' dir='ltr'>viri</span> <span class='ocrx_word' id='word_1_297' title='bbox 904 2211 971 2267; x_wconf 87' lang='lat' dir='ltr'>lacta</span> <span class='ocrx_word' id='word_1_298' title='bbox 1023 2214 1175 2271; x_wconf 87' lang='lat' dir='ltr'>seultabant</span> <span class='ocrx_word' id='word_1_299' title='bbox 1189 2214 1295 2272; x_wconf 92' lang='lat' dir='ltr'>olllcia:</span> <span class='ocrx_word' id='word_1_300' title='bbox 1316 2228 1377 2288; x_wconf 89' lang='lat' dir='ltr'>post</span> <span class='ocrx_word' id='word_1_301' title='bbox 1400 2219 1468 2284; x_wconf 81' lang='lat' dir='ltr'>ltu-e,</span> <span class='ocrx_word' id='word_1_302' title='bbox 1481 2228 1589 2287; x_wconf 88' lang='lat' dir='ltr'>peracto</span> <span class='ocrx_word' id='word_1_303' title='bbox 1601 2235 1649 2291; x_wconf 88' lang='lat' dir='ltr'>pro</span> <span class='ocrx_word' id='word_1_304' title='bbox 1663 2234 1715 2286; x_wconf 86' lang='lat' dir='ltr'>quo</span> <span class='ocrx_word' id='word_1_305' title='bbox 1729 2234 1811 2274; x_wconf 85' lang='lat' dir='ltr'>renc-</span> 
     </span>
     <span class='ocr_line' id='line_1_34' title="bbox 181 2299 1899 2380; baseline 0.004 -24"><span class='ocrx_word' id='word_1_306' title='bbox 181 2299 311 2356; x_wconf 88' lang='lat' dir='ltr'>narrtnda</span> <span class='ocrx_word' id='word_1_307' title='bbox 323 2301 414 2356; x_wconf 81' lang='lat' dir='ltr'>uenire</span> <span class='ocrx_word' id='word_1_308' title='bbox 426 2300 604 2370; x_wconf 83' lang='lat' dir='ltr'>disponimus.</span> <span class='ocrx_word' id='word_1_309' title='bbox 1022 2315 1083 2360; x_wconf 92' lang='lat' dir='ltr'>rant</span> <span class='ocrx_word' id='word_1_310' title='bbox 1102 2307 1217 2375; x_wconf 77' lang='lat' dir='ltr'>rtegotio,</span> <span class='ocrx_word' id='word_1_311' title='bbox 1235 2308 1400 2377; x_wconf 86' lang='lat' dir='ltr'>repedabant</span> <span class='ocrx_word' id='word_1_312' title='bbox 1413 2307 1447 2364; x_wconf 93' lang='lat' dir='ltr'>ad</span> <span class='ocrx_word' id='word_1_313' title='bbox 1462 2308 1581 2380; x_wconf 84' lang='lat' dir='ltr'>propria,</span> <span class='ocrx_word' id='word_1_314' title='bbox 1595 2309 1732 2365; x_wconf 73' lang='lat' dir='ltr'>animabus</span> <span class='ocrx_word' id='word_1_315' title='bbox 1755 2309 1812 2363; x_wconf 86' lang='lat' dir='ltr'>suis</span> <span class='ocrx_word' id='word_1_316' title='bbox 1896 2328 1899 2333; x_wconf 95' lang='lat'>·</span> 
     </span>
     <span class='ocr_line' id='line_1_35' title="bbox 216 2389 1818 2471; baseline 0.007 -24"><span class='ocrx_word' id='word_1_317' title='bbox 216 2393 263 2448; x_wconf 80' lang='grc' dir='ltr'>ιιι</span> <span class='ocrx_word' id='word_1_318' title='bbox 274 2408 388 2464; x_wconf 88' lang='lat' dir='ltr'>namque</span> <span class='ocrx_word' id='word_1_319' title='bbox 400 2395 511 2449; x_wconf 89' lang='lat' dir='ltr'>omnino</span> <span class='ocrx_word' id='word_1_320' title='bbox 525 2393 632 2450; x_wconf 80' lang='lat' dir='ltr'>cltristo</span> <span class='ocrx_word' id='word_1_321' title='bbox 648 2393 763 2459; x_wconf 89' lang='lat' dir='ltr'>deditus,</span> <span class='ocrx_word' id='word_1_322' title='bbox 780 2394 831 2451; x_wconf 84' lang='lat' dir='ltr'>lnoc</span> <span class='ocrx_word' id='word_1_323' title='bbox 846 2394 896 2451; x_wconf 90' lang='lat' dir='ltr'>sibi</span> <span class='ocrx_word' id='word_1_324' title='bbox 910 2412 970 2452; x_wconf 91' lang='lat' dir='ltr'>cum</span> <span class='ocrx_word' id='word_1_325' title='bbox 1022 2395 1110 2453; x_wconf 81' lang='lat' dir='ltr'>divino</span> <span class='ocrx_word' id='word_1_326' title='bbox 1124 2399 1198 2469; x_wconf 90' lang='lat' dir='ltr'>prius</span> <span class='ocrx_word' id='word_1_327' title='bbox 1209 2399 1300 2455; x_wconf 90' lang='lat' dir='ltr'>oilleio</span> <span class='ocrx_word' id='word_1_328' title='bbox 1311 2400 1451 2471; x_wconf 76' lang='lat' dir='ltr'>saginatis.</span> <span class='ocrx_word' id='word_1_329' title='bbox 1475 2454 1477 2458; x_wconf 84' lang='grc'>,</span> <span class='ocrx_word' id='word_1_330' title='bbox 1816 2389 1818 2391; x_wconf 45' lang='grc'><strong><em>’</em></strong></span> 
     </span>
     <span class='ocr_line' id='line_1_36' title="bbox 179 2485 1498 2557; baseline 0.004 -16"><span class='ocrx_word' id='word_1_331' title='bbox 179 2486 283 2541; x_wconf 74' lang='lat' dir='ltr'>ceteris</span> <span class='ocrx_word' id='word_1_332' title='bbox 298 2493 475 2554; x_wconf 87' lang='lat' dir='ltr'>spontaneum</span> <span class='ocrx_word' id='word_1_333' title='bbox 492 2485 624 2541; x_wconf 87' lang='lat' dir='ltr'>iulerebat</span> <span class='ocrx_word' id='word_1_334' title='bbox 648 2486 814 2556; x_wconf 81' lang='lat' dir='ltr'>tuartyriuut,</span> <span class='ocrx_word' id='word_1_335' title='bbox 841 2498 971 2557; x_wconf 86' lang='lat' dir='ltr'>quatenus</span> <span class='ocrx_word' id='word_1_336' title='bbox 1332 2489 1446 2548; x_wconf 77' lang='lat' dir='ltr'>CAPUT</span> <span class='ocrx_word' id='word_1_337' title='bbox 1466 2490 1498 2546; x_wconf 89' lang='lat' dir='ltr'>ll.</span> 
     </span>
     <span class='ocr_line' id='line_1_37' title="bbox 178 2577 1713 2651; baseline 0.003 -19"><span class='ocrx_word' id='word_1_338' title='bbox 178 2578 339 2632; x_wconf 86' lang='lat' dir='ltr'>imnncnsutn</span> <span class='ocrx_word' id='word_1_339' title='bbox 356 2577 519 2648; x_wconf 84' lang='lat' dir='ltr'>triumphum</span> <span class='ocrx_word' id='word_1_340' title='bbox 535 2577 586 2632; x_wconf 87' lang='lat' dir='ltr'>sibi</span> <span class='ocrx_word' id='word_1_341' title='bbox 603 2577 752 2647; x_wconf 86' lang='lat' dir='ltr'>acquireret</span> <span class='ocrx_word' id='word_1_342' title='bbox 772 2594 805 2634; x_wconf 81' lang='lat' dir='ltr'>et</span> <span class='ocrx_word' id='word_1_343' title='bbox 830 2579 908 2635; x_wconf 90' lang='lat' dir='ltr'>ltoste</span> <span class='ocrx_word' id='word_1_344' title='bbox 922 2595 971 2637; x_wconf 90' lang='lat' dir='ltr'>ue·</span> <span class='ocrx_word' id='word_1_345' title='bbox 1121 2584 1184 2637; x_wconf 82' lang='lat' dir='ltr'>Acte</span> <span class='ocrx_word' id='word_1_346' title='bbox 1202 2582 1316 2638; x_wconf 78' lang='lat' dir='ltr'>tinne.-</span> <span class='ocrx_word' id='word_1_347' title='bbox 1335 2583 1393 2637; x_wconf 82' lang='lat' dir='ltr'>liiri</span> <span class='ocrx_word' id='word_1_348' title='bbox 1411 2582 1442 2636; x_wconf 85' lang='lat' dir='ltr'>ut</span> <span class='ocrx_word' id='word_1_349' title='bbox 1461 2582 1597 2637; x_wconf 80' lang='grc' dir='ltr'><strong>ιιιιιιιιιιι</strong></span> <span class='ocrx_word' id='word_1_350' title='bbox 1616 2583 1713 2651; x_wconf 80' lang='lat' dir='ltr'>scripti.</span> 
     </span>
     <span class='ocr_line' id='line_1_38' title="bbox 179 2668 1812 2744; baseline 0.001 -20"><span class='ocrx_word' id='word_1_351' title='bbox 179 2668 332 2739; x_wconf 85' lang='lat' dir='ltr'>quisslmo;</span> <span class='ocrx_word' id='word_1_352' title='bbox 355 2669 376 2723; x_wconf 90' lang='lat' dir='ltr'>si</span> <span class='ocrx_word' id='word_1_353' title='bbox 404 2671 508 2740; x_wconf 89' lang='lat' dir='ltr'>quando</span> <span class='ocrx_word' id='word_1_354' title='bbox 534 2671 674 2726; x_wconf 80' lang='lat' dir='ltr'>estuantis</span> <span class='ocrx_word' id='word_1_355' title='bbox 702 2671 835 2727; x_wconf 83' lang='lat' dir='ltr'>incentiva</span> <span class='ocrx_word' id='word_1_356' title='bbox 859 2672 971 2728; x_wconf 87' lang='lat' dir='ltr'>sentiret</span> <span class='ocrx_word' id='word_1_357' title='bbox 1057 2672 1133 2727; x_wconf 91' lang='lat' dir='ltr'>llnne</span> <span class='ocrx_word' id='word_1_358' title='bbox 1145 2684 1234 2729; x_wconf 91' lang='lat' dir='ltr'>autem</span> <span class='ocrx_word' id='word_1_359' title='bbox 1248 2673 1274 2728; x_wconf 93' lang='lat' dir='ltr'>in</span> <span class='ocrx_word' id='word_1_360' title='bbox 1289 2681 1362 2728; x_wconf 91' lang='lat' dir='ltr'>tanta</span> <span class='ocrx_word' id='word_1_361' title='bbox 1376 2671 1735 2744; x_wconf 88' lang='lat' dir='ltr'>persistentembenioperis</span> <span class='ocrx_word' id='word_1_362' title='bbox 1750 2685 1812 2742; x_wconf 90' lang='lat' dir='ltr'>per·</span> 
     </span>
     <span class='ocr_line' id='line_1_39' title="bbox 179 2750 1813 2835; baseline 0.001 -21"><span class='ocrx_word' id='word_1_363' title='bbox 179 2760 308 2825; x_wconf 79' lang='lat' dir='ltr'>libidinis,</span> <span class='ocrx_word' id='word_1_364' title='bbox 323 2771 441 2816; x_wconf 87' lang='lat' dir='ltr'>armatus</span> <span class='ocrx_word' id='word_1_365' title='bbox 463 2770 519 2816; x_wconf 93' lang='lat' dir='ltr'>teto</span> <span class='ocrx_word' id='word_1_366' title='bbox 539 2774 651 2833; x_wconf 91' lang='lat' dir='ltr'>corpere</span> <span class='ocrx_word' id='word_1_367' title='bbox 669 2760 868 2835; x_wconf 76' lang='lat' dir='ltr'>inexpugnabili</span> <span class='ocrx_word' id='word_1_368' title='bbox 889 2763 969 2819; x_wconf 90' lang='lat' dir='ltr'>lorica</span> <span class='ocrx_word' id='word_1_369' title='bbox 1021 2763 1182 2832; x_wconf 84' lang='lat' dir='ltr'>severantia,</span> <span class='ocrx_word' id='word_1_370' title='bbox 1203 2763 1446 2830; x_wconf 84' lang='lat' dir='ltr'>apostolicaesedis</span> <span class='ocrx_word' id='word_1_371' title='bbox 1465 2760 1729 2831; x_wconf 82' lang='lat' dir='ltr'>summttspoutilea,</span> <span class='ocrx_word' id='word_1_372' title='bbox 1754 2750 1813 2816; x_wconf 72' lang='lat' dir='ltr'>ma&#39;·</span> 
     </span>
     <span class='ocr_line' id='line_1_40' title="bbox 180 2850 1812 2926; baseline -0.001 -18"><span class='ocrx_word' id='word_1_373' title='bbox 180 2850 253 2919; x_wconf 90' lang='lat' dir='ltr'>lldei,</span> <span class='ocrx_word' id='word_1_374' title='bbox 267 2861 294 2909; x_wconf 90' lang='lat' dir='ltr'>et</span> <span class='ocrx_word' id='word_1_375' title='bbox 304 2863 383 2924; x_wconf 91' lang='lat' dir='ltr'>eaput</span> <span class='ocrx_word' id='word_1_376' title='bbox 397 2863 505 2909; x_wconf 86' lang='lat' dir='ltr'>ornatus</span> <span class='ocrx_word' id='word_1_377' title='bbox 516 2854 592 2926; x_wconf 79' lang='lat' dir='ltr'>galea</span> <span class='ocrx_word' id='word_1_378' title='bbox 602 2854 724 2924; x_wconf 79' lang='lat' dir='ltr'>justitia,</span> <span class='ocrx_word' id='word_1_379' title='bbox 735 2870 809 2924; x_wconf 90' lang='lat' dir='ltr'>spern</span> <span class='ocrx_word' id='word_1_380' title='bbox 822 2855 969 2911; x_wconf 89' lang='lat' dir='ltr'>accendens</span> <span class='ocrx_word' id='word_1_381' title='bbox 1021 2867 1081 2924; x_wconf 77' lang='lat' dir='ltr'>gnae</span> <span class='ocrx_word' id='word_1_382' title='bbox 1095 2854 1292 2909; x_wconf 89' lang='lat' dir='ltr'>sanctitatisvir</span> <span class='ocrx_word' id='word_1_383' title='bbox 1302 2853 1422 2925; x_wconf 75' lang='lat' dir='ltr'>Sergius,</span> <span class='ocrx_word' id='word_1_384' title='bbox 1435 2854 1581 2922; x_wconf 84' lang='lat' dir='ltr'>asciverat;</span> <span class='ocrx_word' id='word_1_385' title='bbox 1595 2854 1657 2925; x_wconf 90' lang='lat' dir='ltr'>quia</span> <span class='ocrx_word' id='word_1_386' title='bbox 1670 2854 1719 2908; x_wconf 90' lang='lat' dir='ltr'>etsi</span> <span class='ocrx_word' id='word_1_387' title='bbox 1734 2852 1812 2924; x_wconf 78' lang='lat' dir='ltr'>louge</span> 
     </span>
     <span class='ocr_line' id='line_1_41' title="bbox 179 2942 1810 3016; baseline -0.001 -19"><span class='ocrx_word' id='word_1_388' title='bbox 179 2945 284 3001; x_wconf 80' lang='lat' dir='ltr'>terrore</span> <span class='ocrx_word' id='word_1_389' title='bbox 302 2942 422 2999; x_wconf 70' lang='lat' dir='ltr'>eoelestis</span> <span class='ocrx_word' id='word_1_390' title='bbox 445 2943 548 3013; x_wconf 73' lang='lat' dir='ltr'>gloriae,</span> <span class='ocrx_word' id='word_1_391' title='bbox 573 2945 652 3000; x_wconf 88' lang='lat' dir='ltr'>talem</span> <span class='ocrx_word' id='word_1_392' title='bbox 671 2944 824 3015; x_wconf 87' lang='lat' dir='ltr'>imponebat</span> <span class='ocrx_word' id='word_1_393' title='bbox 843 2961 970 3000; x_wconf 82' lang='lat' dir='ltr'>uerecun-</span> <span class='ocrx_word' id='word_1_394' title='bbox 1022 2943 1136 3013; x_wconf 82' lang='lat' dir='ltr'>positunt</span> <span class='ocrx_word' id='word_1_395' title='bbox 1154 2945 1240 3013; x_wconf 88' lang='lat' dir='ltr'>ampla</span> <span class='ocrx_word' id='word_1_396' title='bbox 1263 2952 1395 3000; x_wconf 88' lang='lat' dir='ltr'>terrarum</span> <span class='ocrx_word' id='word_1_397' title='bbox 1417 2945 1514 3016; x_wconf 90' lang='lat' dir='ltr'>spatia,</span> <span class='ocrx_word' id='word_1_398' title='bbox 1534 2942 1665 3014; x_wconf 89' lang='lat' dir='ltr'>scopulosi</span> <span class='ocrx_word' id='word_1_399' title='bbox 1690 2948 1810 3007; x_wconf 88' lang='lat' dir='ltr'>montes,</span> 
     </span>
     <span class='ocr_line' id='line_1_42' title="bbox 178 3019 1810 3107; baseline -0.002 -15"><span class='ocrx_word' id='word_1_400' title='bbox 178 3028 248 3092; x_wconf 86' lang='lat' dir='ltr'>tilam</span> <span class='ocrx_word' id='word_1_401' title='bbox 262 3036 379 3105; x_wconf 88' lang='lat' dir='ltr'>spiritui,</span> <span class='ocrx_word' id='word_1_402' title='bbox 396 3036 510 3091; x_wconf 71' lang='lat' dir='ltr'>centralis</span> <span class='ocrx_word' id='word_1_403' title='bbox 531 3036 656 3106; x_wconf 79' lang='lat' dir='ltr'>nequitiae</span> <span class='ocrx_word' id='word_1_404' title='bbox 671 3035 893 3091; x_wconf 88' lang='lat' dir='ltr'>administratori.</span> <span class='ocrx_word' id='word_1_405' title='bbox 911 3035 969 3090; x_wconf 86' lang='lat' dir='ltr'>Vir·</span> <span class='ocrx_word' id='word_1_406' title='bbox 1021 3035 1153 3092; x_wconf 74' lang='lat' dir='ltr'>senense</span> <span class='ocrx_word' id='word_1_407' title='bbox 1166 3036 1248 3091; x_wconf 83' lang='lat' dir='ltr'>calles</span> <span class='ocrx_word' id='word_1_408' title='bbox 1261 3046 1419 3107; x_wconf 84' lang='lat' dir='ltr'>separarent</span> <span class='ocrx_word' id='word_1_409' title='bbox 1443 3047 1470 3093; x_wconf 90' lang='lat' dir='ltr'>et</span> <span class='ocrx_word' id='word_1_410' title='bbox 1492 3051 1610 3107; x_wconf 75' lang='lat' dir='ltr'>aequuum,</span> <span class='ocrx_word' id='word_1_411' title='bbox 1630 3019 1694 3090; x_wconf 55' lang='lat' dir='ltr'>¹baec</span> <span class='ocrx_word' id='word_1_412' title='bbox 1722 3044 1810 3088; x_wconf 90' lang='lat' dir='ltr'>tamen</span> 
     </span>
     <span class='ocr_line' id='line_1_43' title="bbox 178 3123 1813 3200; baseline 0.001 -21"><span class='ocrx_word' id='word_1_413' title='bbox 178 3126 266 3198; x_wconf 71' lang='lat' dir='ltr'>qinein</span> <span class='ocrx_word' id='word_1_414' title='bbox 283 3124 423 3195; x_wconf 88' lang='lat' dir='ltr'>siquidem,</span> <span class='ocrx_word' id='word_1_415' title='bbox 448 3124 594 3180; x_wconf 87' lang='lat' dir='ltr'>secundum</span> <span class='ocrx_word' id='word_1_416' title='bbox 614 3125 738 3194; x_wconf 79' lang='lat' dir='ltr'>periture</span> <span class='ocrx_word' id='word_1_417' title='bbox 760 3124 849 3179; x_wconf 89' lang='lat' dir='ltr'>carnis</span> <span class='ocrx_word' id='word_1_418' title='bbox 863 3123 964 3196; x_wconf 89' lang='lat' dir='ltr'>spurci·</span> <span class='ocrx_word' id='word_1_419' title='bbox 1020 3141 1080 3198; x_wconf 76' lang='lat' dir='ltr'>quae</span> <span class='ocrx_word' id='word_1_420' title='bbox 1092 3126 1212 3194; x_wconf 90' lang='lat' dir='ltr'>dicimus,</span> <span class='ocrx_word' id='word_1_421' title='bbox 1228 3137 1255 3183; x_wconf 90' lang='lat' dir='ltr'>et</span> <span class='ocrx_word' id='word_1_422' title='bbox 1272 3128 1355 3184; x_wconf 89' lang='lat' dir='ltr'>multa</span> <span class='ocrx_word' id='word_1_423' title='bbox 1369 3143 1428 3200; x_wconf 83' lang='lat' dir='ltr'>quae</span> <span class='ocrx_word' id='word_1_424' title='bbox 1442 3129 1515 3197; x_wconf 89' lang='lat' dir='ltr'>lapsa</span> <span class='ocrx_word' id='word_1_425' title='bbox 1539 3142 1555 3181; x_wconf 92' lang='lat' dir='ltr'>a</span> <span class='ocrx_word' id='word_1_426' title='bbox 1577 3125 1704 3182; x_wconf 79' lang='lat' dir='ltr'>anemoria</span> <span class='ocrx_word' id='word_1_427' title='bbox 1726 3127 1813 3198; x_wconf 71' lang='lat' dir='ltr'>stylos</span> 
     </span>
     <span class='ocr_line' id='line_1_44' title="bbox 180 3213 1813 3287; baseline 0.001 -21"><span class='ocrx_word' id='word_1_428' title='bbox 180 3218 243 3271; x_wconf 83' lang='lat' dir='ltr'>uiant</span> <span class='ocrx_word' id='word_1_429' title='bbox 268 3215 411 3270; x_wconf 88' lang='lat' dir='ltr'>adntodutn</span> <span class='ocrx_word' id='word_1_430' title='bbox 436 3214 594 3284; x_wconf 83' lang='lat' dir='ltr'>pnlclnatn,</span> <span class='ocrx_word' id='word_1_431' title='bbox 619 3215 644 3268; x_wconf 91' lang='lat' dir='ltr'>iu</span> <span class='ocrx_word' id='word_1_432' title='bbox 666 3228 716 3269; x_wconf 92' lang='lat' dir='ltr'>suo</span> <span class='ocrx_word' id='word_1_433' title='bbox 739 3213 800 3269; x_wconf 89' lang='lat' dir='ltr'>lecit</span> <span class='ocrx_word' id='word_1_434' title='bbox 820 3213 970 3269; x_wconf 87' lang='lat' dir='ltr'>castissimo</span> <span class='ocrx_word' id='word_1_435' title='bbox 1021 3232 1073 3271; x_wconf 93' lang='lat' dir='ltr'>non</span> <span class='ocrx_word' id='word_1_436' title='bbox 1099 3217 1244 3286; x_wconf 81' lang='lat' dir='ltr'>perorabit,</span> <span class='ocrx_word' id='word_1_437' title='bbox 1259 3217 1294 3273; x_wconf 89' lang='lat' dir='ltr'>de</span> <span class='ocrx_word' id='word_1_438' title='bbox 1319 3232 1352 3274; x_wconf 92' lang='lat' dir='ltr'>eo</span> <span class='ocrx_word' id='word_1_439' title='bbox 1373 3231 1491 3287; x_wconf 77' lang='lat' dir='ltr'>persaepe</span> <span class='ocrx_word' id='word_1_440' title='bbox 1508 3215 1640 3272; x_wconf 87' lang='lat' dir='ltr'>audierat.</span> <span class='ocrx_word' id='word_1_441' title='bbox 1668 3214 1726 3270; x_wconf 85' lang='lat' dir='ltr'>ilex</span> <span class='ocrx_word' id='word_1_442' title='bbox 1747 3228 1813 3270; x_wconf 87' lang='lat' dir='ltr'>rere</span> 
     </span>
     <span class='ocr_line' id='line_1_45' title="bbox 179 3303 1813 3378; baseline -0.001 -15"><span class='ocrx_word' id='word_1_443' title='bbox 179 3318 262 3363; x_wconf 91' lang='lat' dir='ltr'>stratu</span> <span class='ocrx_word' id='word_1_444' title='bbox 279 3306 370 3361; x_wconf 89' lang='lat' dir='ltr'>tandiu</span> <span class='ocrx_word' id='word_1_445' title='bbox 383 3319 472 3362; x_wconf 85' lang='lat' dir='ltr'>seeuru</span> <span class='ocrx_word' id='word_1_446' title='bbox 487 3305 637 3376; x_wconf 89' lang='lat' dir='ltr'>quiescere,</span> <span class='ocrx_word' id='word_1_447' title='bbox 649 3304 735 3361; x_wconf 88' lang='lat' dir='ltr'>donec</span> <span class='ocrx_word' id='word_1_448' title='bbox 750 3305 777 3357; x_wconf 91' lang='lat' dir='ltr'>itt</span> <span class='ocrx_word' id='word_1_449' title='bbox 798 3303 895 3359; x_wconf 84' lang='lat' dir='ltr'>coelum</span> <span class='ocrx_word' id='word_1_450' title='bbox 916 3304 970 3373; x_wconf 91' lang='lat' dir='ltr'>spi·</span> <span class='ocrx_word' id='word_1_451' title='bbox 1022 3307 1173 3365; x_wconf 88' lang='lat' dir='ltr'>tttSaoetus</span> <span class='ocrx_word' id='word_1_452' title='bbox 1188 3311 1253 3363; x_wconf 89' lang='lat' dir='ltr'>tanti</span> <span class='ocrx_word' id='word_1_453' title='bbox 1268 3308 1349 3378; x_wconf 86' lang='lat' dir='ltr'>patris</span> <span class='ocrx_word' id='word_1_454' title='bbox 1361 3307 1540 3377; x_wconf 86' lang='lat' dir='ltr'>llomanaeque</span> <span class='ocrx_word' id='word_1_455' title='bbox 1554 3307 1635 3362; x_wconf 80' lang='lat' dir='ltr'>euriae</span> <span class='ocrx_word' id='word_1_456' title='bbox 1650 3306 1749 3360; x_wconf 86' lang='lat' dir='ltr'>monita</span> <span class='ocrx_word' id='word_1_457' title='bbox 1765 3319 1813 3361; x_wconf 89' lang='lat' dir='ltr'>att·</span> 
     </span>
     <span class='ocr_line' id='line_1_46' title="bbox 180 3394 1813 3468; baseline -0.004 -13"><span class='ocrx_word' id='word_1_458' title='bbox 180 3399 231 3455; x_wconf 91' lang='lat' dir='ltr'>rito</span> <span class='ocrx_word' id='word_1_459' title='bbox 244 3401 345 3454; x_wconf 90' lang='lat' dir='ltr'>intento</span> <span class='ocrx_word' id='word_1_460' title='bbox 360 3408 442 3453; x_wconf 82' lang='lat' dir='ltr'>toturn</span> <span class='ocrx_word' id='word_1_461' title='bbox 459 3397 618 3452; x_wconf 86' lang='lat' dir='ltr'>Psulteriutn</span> <span class='ocrx_word' id='word_1_462' title='bbox 630 3395 732 3451; x_wconf 89' lang='lat' dir='ltr'>diceret</span> <span class='ocrx_word' id='word_1_463' title='bbox 746 3409 779 3451; x_wconf 90' lang='lat' dir='ltr'>ex</span> <span class='ocrx_word' id='word_1_464' title='bbox 794 3395 907 3462; x_wconf 87' lang='grc' dir='ltr'><strong>ιιιιίιι;</strong></span> <span class='ocrx_word' id='word_1_465' title='bbox 923 3410 972 3452; x_wconf 88' lang='grc' dir='ltr'>ιιι</span> <span class='ocrx_word' id='word_1_466' title='bbox 1022 3397 1098 3465; x_wconf 74' lang='lat' dir='ltr'>divit,</span> <span class='ocrx_word' id='word_1_467' title='bbox 1115 3397 1167 3456; x_wconf 90' lang='lat' dir='ltr'>iter</span> <span class='ocrx_word' id='word_1_468' title='bbox 1177 3398 1299 3468; x_wconf 90' lang='lat' dir='ltr'>arripuit,</span> <span class='ocrx_word' id='word_1_469' title='bbox 1315 3398 1436 3468; x_wconf 86' lang='lat' dir='ltr'>quatnris</span> <span class='ocrx_word' id='word_1_470' title='bbox 1448 3396 1573 3463; x_wconf 88' lang='lat' dir='ltr'>arduum,</span> <span class='ocrx_word' id='word_1_471' title='bbox 1589 3397 1689 3466; x_wconf 81' lang='lat' dir='ltr'>inqenti</span> <span class='ocrx_word' id='word_1_472' title='bbox 1704 3394 1813 3464; x_wconf 87' lang='lat' dir='ltr'>quidem</span> 
     </span>
     <span class='ocr_line' id='line_1_47' title="bbox 179 3481 1813 3560; baseline -0.005 -14"><span class='ocrx_word' id='word_1_473' title='bbox 179 3492 255 3547; x_wconf 86' lang='lat' dir='ltr'>sicel</span> <span class='ocrx_word' id='word_1_474' title='bbox 271 3491 296 3545; x_wconf 91' lang='lat' dir='ltr'>in</span> <span class='ocrx_word' id='word_1_475' title='bbox 319 3489 408 3559; x_wconf 86' lang='lat' dir='ltr'>aliquo</span> <span class='ocrx_word' id='word_1_476' title='bbox 423 3496 527 3558; x_wconf 90' lang='lat' dir='ltr'>poterat</span> <span class='ocrx_word' id='word_1_477' title='bbox 547 3487 679 3557; x_wconf 77' lang='lat' dir='ltr'>malignus</span> <span class='ocrx_word' id='word_1_478' title='bbox 697 3487 808 3556; x_wconf 90' lang='lat' dir='ltr'>spiritus</span> <span class='ocrx_word' id='word_1_479' title='bbox 830 3487 970 3543; x_wconf 67' lang='lat' dir='ltr'>obsistere.</span> <span class='ocrx_word' id='word_1_480' title='bbox 1023 3489 1137 3546; x_wconf 82' lang='lat' dir='ltr'>relectus</span> <span class='ocrx_word' id='word_1_481' title='bbox 1159 3489 1263 3556; x_wconf 72' lang='lat' dir='ltr'>laetitia,</span> <span class='ocrx_word' id='word_1_482' title='bbox 1287 3489 1348 3560; x_wconf 89' lang='lat' dir='ltr'>quia</span> <span class='ocrx_word' id='word_1_483' title='bbox 1363 3487 1495 3544; x_wconf 91' lang='lat' dir='ltr'>suecessit</span> <span class='ocrx_word' id='word_1_484' title='bbox 1515 3486 1540 3542; x_wconf 89' lang='lat' dir='ltr'>ei</span> <span class='ocrx_word' id='word_1_485' title='bbox 1562 3500 1641 3541; x_wconf 90' lang='lat' dir='ltr'>causa</span> <span class='ocrx_word' id='word_1_486' title='bbox 1664 3481 1813 3556; x_wconf 88' lang='lat' dir='ltr'>principum</span> 
     </span>
     <span class='ocr_line' id='line_1_48' title="bbox 181 3573 1815 3652; baseline -0.004 -15"><span class='ocrx_word' id='word_1_487' title='bbox 181 3579 403 3652; x_wconf 74' lang='lat' dir='ltr'>0t2runtlonqe</span> <span class='ocrx_word' id='word_1_488' title='bbox 417 3579 588 3646; x_wconf 86' lang='lat' dir='ltr'>laudabilem,</span> <span class='ocrx_word' id='word_1_489' title='bbox 614 3580 658 3649; x_wconf 92' lang='lat' dir='ltr'>qui</span> <span class='ocrx_word' id='word_1_490' title='bbox 682 3580 818 3634; x_wconf 85' lang='lat' dir='ltr'>aestuantis</span> <span class='ocrx_word' id='word_1_491' title='bbox 842 3577 972 3646; x_wconf 85' lang='lat' dir='ltr'>baratltri,</span> <span class='ocrx_word' id='word_1_492' title='bbox 1024 3581 1212 3650; x_wconf 79' lang='lat' dir='ltr'>Apostolorum</span> <span class='ocrx_word' id='word_1_493' title='bbox 1234 3578 1325 3636; x_wconf 88' lang='lat' dir='ltr'>ridere</span> <span class='ocrx_word' id='word_1_494' title='bbox 1346 3578 1391 3635; x_wconf 91' lang='lat' dir='ltr'>die</span> <span class='ocrx_word' id='word_1_495' title='bbox 1414 3577 1565 3633; x_wconf 88' lang='lat' dir='ltr'>desiderata</span> <span class='ocrx_word' id='word_1_496' title='bbox 1580 3573 1695 3643; x_wconf 91' lang='lat' dir='ltr'>limina;</span> <span class='ocrx_word' id='word_1_497' title='bbox 1720 3576 1815 3630; x_wconf 89' lang='lat' dir='ltr'>delens</span> 
     </span>
     <span class='ocr_line' id='line_1_49' title="bbox 179 3666 1814 3742; baseline -0.005 -13"><span class='ocrx_word' id='word_1_498' title='bbox 179 3675 230 3729; x_wconf 90' lang='lat' dir='ltr'>etsi</span> <span class='ocrx_word' id='word_1_499' title='bbox 254 3675 403 3739; x_wconf 76' lang='lat' dir='ltr'>lttlct&#39;essel,</span> <span class='ocrx_word' id='word_1_500' title='bbox 433 3673 582 3728; x_wconf 88' lang='lat' dir='ltr'>nullatenus</span> <span class='ocrx_word' id='word_1_501' title='bbox 609 3670 694 3727; x_wconf 88' lang='lat' dir='ltr'>sensit</span> <span class='ocrx_word' id='word_1_502' title='bbox 718 3671 894 3741; x_wconf 76' lang='lat' dir='ltr'>uoraginem!</span> <span class='ocrx_word' id='word_1_503' title='bbox 925 3669 973 3726; x_wconf 91' lang='lat' dir='ltr'>llie</span> <span class='ocrx_word' id='word_1_504' title='bbox 1025 3685 1100 3736; x_wconf 82' lang='lat' dir='ltr'>tero,</span> <span class='ocrx_word' id='word_1_505' title='bbox 1125 3672 1196 3742; x_wconf 92' lang='lat' dir='ltr'>quod</span> <span class='ocrx_word' id='word_1_506' title='bbox 1212 3672 1254 3727; x_wconf 88' lang='lat' dir='ltr'>rel</span> <span class='ocrx_word' id='word_1_507' title='bbox 1269 3672 1302 3726; x_wconf 91' lang='lat' dir='ltr'>ad</span> <span class='ocrx_word' id='word_1_508' title='bbox 1325 3678 1430 3740; x_wconf 88' lang='lat' dir='ltr'>tempus</span> <span class='ocrx_word' id='word_1_509' title='bbox 1449 3683 1580 3739; x_wconf 87' lang='lat' dir='ltr'>corporeo</span> <span class='ocrx_word' id='word_1_510' title='bbox 1604 3666 1720 3724; x_wconf 89' lang='lat' dir='ltr'>tetrnino</span> <span class='ocrx_word' id='word_1_511' title='bbox 1741 3674 1814 3722; x_wconf 81' lang='lat' dir='ltr'>taum</span> 
     </span>
     <span class='ocr_line' id='line_1_50' title="bbox 181 3757 1815 3838; baseline -0.005 -18"><span class='ocrx_word' id='word_1_512' title='bbox 181 3780 296 3838; x_wconf 77' lang='lat' dir='ltr'>ruantque</span> <span class='ocrx_word' id='word_1_513' title='bbox 309 3765 376 3820; x_wconf 89' lang='lat' dir='ltr'>illud</span> <span class='ocrx_word' id='word_1_514' title='bbox 391 3772 432 3820; x_wconf 90' lang='lat' dir='ltr'>est</span> <span class='ocrx_word' id='word_1_515' title='bbox 446 3762 603 3819; x_wconf 86' lang='lat' dir='ltr'>honorabile</span> <span class='ocrx_word' id='word_1_516' title='bbox 614 3761 725 3833; x_wconf 78' lang='lat' dir='ltr'>liguum,</span> <span class='ocrx_word' id='word_1_517' title='bbox 740 3761 773 3817; x_wconf 90' lang='lat' dir='ltr'>de</span> <span class='ocrx_word' id='word_1_518' title='bbox 788 3776 840 3832; x_wconf 93' lang='lat' dir='ltr'>que</span> <span class='ocrx_word' id='word_1_519' title='bbox 855 3760 971 3818; x_wconf 76' lang='lat' dir='ltr'>Salonio</span> <span class='ocrx_word' id='word_1_520' title='bbox 1019 3762 1192 3833; x_wconf 34' lang='lat' dir='ltr'>⁸relinquebat</span> <span class='ocrx_word' id='word_1_521' title='bbox 1205 3760 1319 3817; x_wconf 77' lang='lat' dir='ltr'>fratrum</span> <span class='ocrx_word' id='word_1_522' title='bbox 1340 3760 1486 3815; x_wconf 79' lang='lat' dir='ltr'>coinsertia.</span> <span class='ocrx_word' id='word_1_523' title='bbox 1510 3758 1545 3815; x_wconf 89' lang='lat' dir='ltr'>Ut</span> <span class='ocrx_word' id='word_1_524' title='bbox 1558 3769 1646 3814; x_wconf 76' lang='lat' dir='ltr'>autern</span> <span class='ocrx_word' id='word_1_525' title='bbox 1658 3759 1698 3814; x_wconf 84' lang='grc' dir='ltr'>ιιι</span> <span class='ocrx_word' id='word_1_526' title='bbox 1717 3757 1815 3827; x_wconf 85' lang='grc' dir='ltr'><strong>ιιιιιι-</strong></span> 
     </span>
     <span class='ocr_line' id='line_1_51' title="bbox 181 3848 1815 3930; baseline -0.009 -13"><span class='ocrx_word' id='word_1_527' title='bbox 181 3863 224 3917; x_wconf 89' lang='lat' dir='ltr'>nis</span> <span class='ocrx_word' id='word_1_528' title='bbox 232 3862 312 3917; x_wconf 85' lang='lat' dir='ltr'>rerba</span> <span class='ocrx_word' id='word_1_529' title='bbox 324 3859 548 3930; x_wconf 89' lang='lat' dir='ltr'>testantur,quia,</span> <span class='ocrx_word' id='word_1_530' title='bbox 561 3872 638 3914; x_wconf 90' lang='lat' dir='ltr'>secus</span> <span class='ocrx_word' id='word_1_531' title='bbox 650 3872 777 3929; x_wconf 90' lang='lat' dir='ltr'>aquarum</span> <span class='ocrx_word' id='word_1_532' title='bbox 788 3854 886 3914; x_wconf 90' lang='lat' dir='ltr'>llueuta</span> <span class='ocrx_word' id='word_1_533' title='bbox 899 3857 974 3926; x_wconf 88' lang='lat' dir='ltr'>plau-</span> <span class='ocrx_word' id='word_1_534' title='bbox 1025 3851 1147 3907; x_wconf 86' lang='lat' dir='ltr'>sissimus</span> <span class='ocrx_word' id='word_1_535' title='bbox 1160 3850 1272 3908; x_wconf 82' lang='lat' dir='ltr'>llomam</span> <span class='ocrx_word' id='word_1_536' title='bbox 1286 3851 1367 3918; x_wconf 84' lang='lat' dir='ltr'>teuit,</span> <span class='ocrx_word' id='word_1_537' title='bbox 1383 3849 1551 3907; x_wconf 73' lang='lat' dir='ltr'>letabundus</span> <span class='ocrx_word' id='word_1_538' title='bbox 1565 3865 1612 3920; x_wconf 92' lang='lat' dir='ltr'>pro</span> <span class='ocrx_word' id='word_1_539' title='bbox 1627 3859 1734 3920; x_wconf 89' lang='lat' dir='ltr'>peracta</span> <span class='ocrx_word' id='word_1_540' title='bbox 1751 3848 1815 3904; x_wconf 87' lang='lat' dir='ltr'>obc-</span> 
     </span>
     <span class='ocr_line' id='line_1_52' title="bbox 182 3939 1814 4017; baseline -0.008 -12"><span class='ocrx_word' id='word_1_541' title='bbox 182 3947 319 4016; x_wconf 87' lang='lat' dir='ltr'>tatum,ad</span> <span class='ocrx_word' id='word_1_542' title='bbox 331 3946 687 4017; x_wconf 77' lang='lat' dir='ltr'>sanetiSpirituslutmuqem</span> <span class='ocrx_word' id='word_1_543' title='bbox 699 3947 808 4017; x_wconf 89' lang='lat' dir='ltr'>protulit</span> <span class='ocrx_word' id='word_1_544' title='bbox 820 3946 974 4002; x_wconf 90' lang='lat' dir='ltr'>indelleien-</span> <span class='ocrx_word' id='word_1_545' title='bbox 1026 3942 1135 4014; x_wconf 88' lang='lat' dir='ltr'>dieotin,</span> <span class='ocrx_word' id='word_1_546' title='bbox 1163 3944 1222 3999; x_wconf 92' lang='lat' dir='ltr'>sine</span> <span class='ocrx_word' id='word_1_547' title='bbox 1241 3959 1291 4015; x_wconf 90' lang='lat' dir='ltr'>qua</span> <span class='ocrx_word' id='word_1_548' title='bbox 1313 3942 1481 4012; x_wconf 86' lang='lat' dir='ltr'>impossibile</span> <span class='ocrx_word' id='word_1_549' title='bbox 1500 3951 1543 3998; x_wconf 90' lang='lat' dir='ltr'>est</span> <span class='ocrx_word' id='word_1_550' title='bbox 1565 3939 1678 4010; x_wconf 83' lang='lat' dir='ltr'>alicujus</span> <span class='ocrx_word' id='word_1_551' title='bbox 1700 3939 1814 3993; x_wconf 88' lang='lat' dir='ltr'>animam</span> 
     </span>
     <span class='ocr_line' id='line_1_53' title="bbox 183 4027 1815 4109; baseline -0.009 -13"><span class='ocrx_word' id='word_1_552' title='bbox 183 4051 235 4096; x_wconf 89' lang='lat' dir='ltr'>tetn</span> <span class='ocrx_word' id='word_1_553' title='bbox 249 4039 377 4106; x_wconf 87' lang='lat' dir='ltr'>radicem,</span> <span class='ocrx_word' id='word_1_554' title='bbox 389 4038 529 4093; x_wconf 85' lang='lat' dir='ltr'>concitem</span> <span class='ocrx_word' id='word_1_555' title='bbox 544 4038 648 4094; x_wconf 91' lang='lat' dir='ltr'>scilieet</span> <span class='ocrx_word' id='word_1_556' title='bbox 661 4038 816 4109; x_wconf 73' lang='lat' dir='ltr'>angelorum</span> <span class='ocrx_word' id='word_1_557' title='bbox 833 4037 972 4109; x_wconf 75' lang='lat' dir='ltr'>virginita·</span> <span class='ocrx_word' id='word_1_558' title='bbox 1026 4046 1139 4101; x_wconf 89' lang='lat' dir='ltr'>uuquam</span> <span class='ocrx_word' id='word_1_559' title='bbox 1154 4046 1235 4101; x_wconf 82' lang='lat' dir='ltr'>porse</span> <span class='ocrx_word' id='word_1_560' title='bbox 1257 4032 1365 4099; x_wconf 79' lang='lat' dir='ltr'>salt-ari,</span> <span class='ocrx_word' id='word_1_561' title='bbox 1381 4030 1524 4100; x_wconf 82' lang='lat' dir='ltr'>apostolici</span> <span class='ocrx_word' id='word_1_562' title='bbox 1540 4030 1591 4085; x_wconf 87' lang='lat' dir='ltr'>riri</span> <span class='ocrx_word' id='word_1_563' title='bbox 1606 4027 1751 4083; x_wconf 78' lang='lat' dir='ltr'>honorilice</span> <span class='ocrx_word' id='word_1_564' title='bbox 1773 4042 1815 4081; x_wconf 93' lang='lat' dir='ltr'>re·</span> 
     </span>
     <span class='ocr_line' id='line_1_54' title="bbox 182 4114 1816 4198; baseline -0.01 -10"><span class='ocrx_word' id='word_1_565' title='bbox 182 4141 246 4198; x_wconf 88' lang='lat' dir='ltr'>tem,</span> <span class='ocrx_word' id='word_1_566' title='bbox 261 4140 289 4193; x_wconf 89' lang='lat' dir='ltr'>et</span> <span class='ocrx_word' id='word_1_567' title='bbox 309 4145 363 4185; x_wconf 85' lang='lat' dir='ltr'>non</span> <span class='ocrx_word' id='word_1_568' title='bbox 386 4129 481 4185; x_wconf 92' lang='lat' dir='ltr'>metuit</span> <span class='ocrx_word' id='word_1_569' title='bbox 497 4127 615 4184; x_wconf 83' lang='lat' dir='ltr'>exterius</span> <span class='ocrx_word' id='word_1_570' title='bbox 634 4139 727 4184; x_wconf 84' lang='lat' dir='ltr'>aestum</span> <span class='ocrx_word' id='word_1_571' title='bbox 742 4128 777 4183; x_wconf 90' lang='lat' dir='ltr'>ab</span> <span class='ocrx_word' id='word_1_572' title='bbox 798 4128 904 4184; x_wconf 87' lang='lat' dir='ltr'>inimico</span> <span class='ocrx_word' id='word_1_573' title='bbox 924 4126 973 4181; x_wconf 88' lang='lat' dir='ltr'>sibi</span> <span class='ocrx_word' id='word_1_574' title='bbox 1025 4130 1118 4194; x_wconf 88' lang='lat' dir='ltr'>ceptus</span> <span class='ocrx_word' id='word_1_575' title='bbox 1132 4120 1275 4191; x_wconf 91' lang='lat' dir='ltr'>colloquio,</span> <span class='ocrx_word' id='word_1_576' title='bbox 1292 4127 1320 4175; x_wconf 89' lang='lat' dir='ltr'>ct</span> <span class='ocrx_word' id='word_1_577' title='bbox 1333 4134 1382 4190; x_wconf 91' lang='lat' dir='ltr'>pro</span> <span class='ocrx_word' id='word_1_578' title='bbox 1396 4120 1467 4175; x_wconf 89' lang='lat' dir='ltr'>relle</span> <span class='ocrx_word' id='word_1_579' title='bbox 1481 4119 1508 4174; x_wconf 93' lang='lat' dir='ltr'>in</span> <span class='ocrx_word' id='word_1_580' title='bbox 1528 4119 1653 4175; x_wconf 90' lang='lat' dir='ltr'>omnibus</span> <span class='ocrx_word' id='word_1_581' title='bbox 1667 4114 1738 4173; x_wconf 91' lang='lat' dir='ltr'>illius</span> <span class='ocrx_word' id='word_1_582' title='bbox 1753 4130 1816 4188; x_wconf 91' lang='lat' dir='ltr'>pro·</span> 
     </span>
     <span class='ocr_line' id='line_1_55' title="bbox 182 4202 1816 4293; baseline -0.01 -15"><span class='ocrx_word' id='word_1_583' title='bbox 182 4202 294 4288; x_wconf 87' lang='lat' dir='ltr'>illatum,</span> <span class='ocrx_word' id='word_1_584' title='bbox 313 4223 375 4293; x_wconf 94' lang='lat' dir='ltr'>qula</span> <span class='ocrx_word' id='word_1_585' title='bbox 391 4216 657 4276; x_wconf 86' lang='lat' dir='ltr'>intrinsecusdiriuo</span> <span class='ocrx_word' id='word_1_586' title='bbox 673 4234 734 4276; x_wconf 88' lang='lat' dir='ltr'>rore</span> <span class='ocrx_word' id='word_1_587' title='bbox 756 4216 975 4288; x_wconf 87' lang='lat' dir='ltr'>iueratplennrio</span> <span class='ocrx_word' id='word_1_588' title='bbox 1026 4222 1084 4284; x_wconf 89' lang='lat' dir='ltr'>pter</span> <span class='ocrx_word' id='word_1_589' title='bbox 1108 4211 1300 4269; x_wconf 85' lang='lat' dir='ltr'>inhabitantem</span> <span class='ocrx_word' id='word_1_590' title='bbox 1327 4211 1439 4283; x_wconf 77' lang='lat' dir='ltr'>qratiam</span> <span class='ocrx_word' id='word_1_591' title='bbox 1464 4210 1510 4266; x_wconf 86' lang='lat' dir='ltr'>liei</span> <span class='ocrx_word' id='word_1_592' title='bbox 1540 4222 1602 4264; x_wconf 91' lang='lat' dir='ltr'>usus</span> <span class='ocrx_word' id='word_1_593' title='bbox 1629 4208 1816 4274; x_wconf 87' lang='lat' dir='ltr'>contubernio,</span> 
     </span>
     <span class='ocr_line' id='line_1_56' title="bbox 181 4299 1817 4387; baseline -0.01 -17"><span class='ocrx_word' id='word_1_594' title='bbox 181 4302 329 4387; x_wconf 68' lang='lat' dir='ltr'>irrigatum.</span> <span class='ocrx_word' id='word_1_595' title='bbox 343 4310 394 4369; x_wconf 90' lang='lat' dir='ltr'>llic</span> <span class='ocrx_word' id='word_1_596' title='bbox 406 4311 486 4369; x_wconf 90' lang='lat' dir='ltr'>etiam</span> <span class='ocrx_word' id='word_1_597' title='bbox 508 4321 550 4366; x_wconf 88' lang='lat' dir='ltr'>est</span> <span class='ocrx_word' id='word_1_598' title='bbox 571 4309 612 4365; x_wconf 83' lang='lat' dir='ltr'>sir</span> <span class='ocrx_word' id='word_1_599' title='bbox 633 4311 678 4368; x_wconf 90' lang='lat' dir='ltr'>ille</span> <span class='ocrx_word' id='word_1_600' title='bbox 698 4310 863 4382; x_wconf 73' lang='lat' dir='ltr'>magnificus,</span> <span class='ocrx_word' id='word_1_601' title='bbox 878 4309 911 4365; x_wconf 88' lang='lat' dir='ltr'>de</span> <span class='ocrx_word' id='word_1_602' title='bbox 923 4324 975 4380; x_wconf 91' lang='lat' dir='ltr'>quo</span> <span class='ocrx_word' id='word_1_603' title='bbox 1027 4307 1159 4366; x_wconf 88' lang='lat' dir='ltr'>beneticio</span> <span class='ocrx_word' id='word_1_604' title='bbox 1188 4307 1286 4362; x_wconf 85' lang='lat' dir='ltr'>nostris</span> <span class='ocrx_word' id='word_1_605' title='bbox 1307 4304 1474 4374; x_wconf 86' lang='lat' dir='ltr'>temporibus</span> <span class='ocrx_word' id='word_1_606' title='bbox 1497 4301 1617 4359; x_wconf 92' lang='lat' dir='ltr'>inaudito</span> <span class='ocrx_word' id='word_1_607' title='bbox 1638 4299 1817 4355; x_wconf 83' lang='lat' dir='ltr'>deauratura</span> 
     </span>
    </p>
   </div>
   <div class='ocr_carea' id='block_1_5' title="bbox 180 4490 978 5290">
    <p class='ocr_par' dir='ltr' id='par_1_5' title="bbox 180 4490 974 4838">
     <span class='ocr_line' id='line_1_57' title="bbox 182 4490 973 4569; baseline -0.016 -12"><span class='ocrx_word' id='word_1_608' title='bbox 182 4496 302 4557; x_wconf 85' lang='lat' dir='ltr'>illeveto</span> <span class='ocrx_word' id='word_1_609' title='bbox 315 4504 450 4569; x_wconf 75' lang='lat' dir='ltr'>praecepta</span> <span class='ocrx_word' id='word_1_610' title='bbox 466 4503 575 4551; x_wconf 90' lang='lat' dir='ltr'>secutos</span> <span class='ocrx_word' id='word_1_611' title='bbox 585 4493 685 4557; x_wconf 76' lang='lat' dir='ltr'>divina,</span> <span class='ocrx_word' id='word_1_612' title='bbox 703 4493 808 4548; x_wconf 89' lang='lat' dir='ltr'>lumbos</span> <span class='ocrx_word' id='word_1_613' title='bbox 818 4507 881 4547; x_wconf 85' lang='lat' dir='ltr'>suos</span> <span class='ocrx_word' id='word_1_614' title='bbox 892 4490 973 4546; x_wconf 91' lang='lat' dir='ltr'>easti-</span> 
     </span>
     <span class='ocr_line' id='line_1_58' title="bbox 182 4584 974 4660; baseline -0.013 -12"><span class='ocrx_word' id='word_1_615' title='bbox 182 4600 237 4648; x_wconf 84' lang='lat' dir='ltr'>tate</span> <span class='ocrx_word' id='word_1_616' title='bbox 250 4588 444 4660; x_wconf 66' lang='lat' dir='ltr'>circumligavit</span> <span class='ocrx_word' id='word_1_617' title='bbox 458 4587 565 4651; x_wconf 84' lang='lat' dir='ltr'>eximia,</span> <span class='ocrx_word' id='word_1_618' title='bbox 583 4598 675 4642; x_wconf 88' lang='lat' dir='ltr'>tenens</span> <span class='ocrx_word' id='word_1_619' title='bbox 704 4585 830 4640; x_wconf 84' lang='lat' dir='ltr'>andernes</span> <span class='ocrx_word' id='word_1_620' title='bbox 851 4584 974 4639; x_wconf 91' lang='lat' dir='ltr'>lucernas</span> 
     </span>
     <span class='ocr_line' id='line_1_59' title="bbox 182 4673 974 4747; baseline -0.013 -11"><span class='ocrx_word' id='word_1_621' title='bbox 182 4681 354 4747; x_wconf 90' lang='lat' dir='ltr'>inmanibus,</span> <span class='ocrx_word' id='word_1_622' title='bbox 370 4678 515 4733; x_wconf 88' lang='lat' dir='ltr'>intraturus</span> <span class='ocrx_word' id='word_1_623' title='bbox 533 4692 594 4731; x_wconf 91' lang='lat' dir='ltr'>eutn</span> <span class='ocrx_word' id='word_1_624' title='bbox 607 4675 712 4746; x_wconf 90' lang='lat' dir='ltr'>Spunso</span> <span class='ocrx_word' id='word_1_625' title='bbox 729 4675 762 4728; x_wconf 90' lang='lat' dir='ltr'>atl</span> <span class='ocrx_word' id='word_1_626' title='bbox 779 4674 884 4743; x_wconf 88' lang='lat' dir='ltr'>nuptias</span> <span class='ocrx_word' id='word_1_627' title='bbox 897 4673 974 4742; x_wconf 92' lang='lat' dir='ltr'>spiti-</span> 
     </span>
     <span class='ocr_line' id='line_1_60' title="bbox 180 4766 509 4838; baseline -0.021 -13"><span class='ocrx_word' id='word_1_628' title='bbox 180 4771 267 4827; x_wconf 78' lang='lat' dir='ltr'>ttales</span> <span class='ocrx_word' id='word_1_629' title='bbox 280 4778 360 4838; x_wconf 86' lang='lat' dir='ltr'>atque</span> <span class='ocrx_word' id='word_1_630' title='bbox 374 4766 509 4823; x_wconf 88' lang='lat' dir='ltr'>coelestes.</span> 
     </span>
    </p>

    <p class='ocr_par' dir='ltr' id='par_1_6' title="bbox 182 4851 978 5290">
     <span class='ocr_line' id='line_1_61' title="bbox 217 4851 976 4931; baseline -0.02 -13"><span class='ocrx_word' id='word_1_631' title='bbox 217 4861 302 4931; x_wconf 81' lang='lat' dir='ltr'>Quem</span> <span class='ocrx_word' id='word_1_632' title='bbox 317 4857 488 4915; x_wconf 83' lang='lat' dir='ltr'>Eleutlrcrius</span> <span class='ocrx_word' id='word_1_633' title='bbox 503 4856 613 4910; x_wconf 88' lang='lat' dir='ltr'>antistes</span> <span class='ocrx_word' id='word_1_634' title='bbox 633 4852 774 4908; x_wconf 89' lang='lat' dir='ltr'>laudabilis</span> <span class='ocrx_word' id='word_1_635' title='bbox 786 4851 840 4905; x_wconf 84' lang='lat' dir='ltr'>nita</span> <span class='ocrx_word' id='word_1_636' title='bbox 854 4858 880 4905; x_wconf 90' lang='lat' dir='ltr'>et</span> <span class='ocrx_word' id='word_1_637' title='bbox 895 4851 976 4904; x_wconf 88' lang='lat' dir='ltr'>mori·</span> 
     </span>
     <span class='ocr_line' id='line_1_62' title="bbox 182 4943 974 5026; baseline -0.015 -15"><span class='ocrx_word' id='word_1_638' title='bbox 182 4957 242 5025; x_wconf 89' lang='lat' dir='ltr'>bos,</span> <span class='ocrx_word' id='word_1_639' title='bbox 259 4953 335 5026; x_wconf 78' lang='lat' dir='ltr'>cujus</span> <span class='ocrx_word' id='word_1_640' title='bbox 347 4952 410 5008; x_wconf 87' lang='lat' dir='ltr'>lacit</span> <span class='ocrx_word' id='word_1_641' title='bbox 424 4951 588 5007; x_wconf 88' lang='lat' dir='ltr'>mentionem</span> <span class='ocrx_word' id='word_1_642' title='bbox 604 4949 674 5003; x_wconf 82' lang='lat' dir='ltr'>licda</span> <span class='ocrx_word' id='word_1_643' title='bbox 686 4945 846 5003; x_wconf 84' lang='lat' dir='ltr'>venerabilis</span> <span class='ocrx_word' id='word_1_644' title='bbox 867 4943 974 5017; x_wconf 73' lang='lat' dir='ltr'>presby·</span> 
     </span>
     <span class='ocr_line' id='line_1_63' title="bbox 182 5034 972 5115; baseline -0.016 -13"><span class='ocrx_word' id='word_1_645' title='bbox 182 5034 225 5102; x_wconf 83' lang='grc' dir='ltr'>ιιι</span> <span class='ocrx_word' id='word_1_646' title='bbox 245 5047 272 5100; x_wconf 92' lang='lat' dir='ltr'>in</span> <span class='ocrx_word' id='word_1_647' title='bbox 288 5045 433 5115; x_wconf 76' lang='lat' dir='ltr'>llnglorunr</span> <span class='ocrx_word' id='word_1_648' title='bbox 449 5042 563 5097; x_wconf 85' lang='lat' dir='ltr'>ilistoria</span> <span class='ocrx_word' id='word_1_649' title='bbox 577 5040 770 5105; x_wconf 88' lang='lat' dir='ltr'>ecclesiastica,</span> <span class='ocrx_word' id='word_1_650' title='bbox 788 5037 896 5108; x_wconf 77' lang='lat' dir='ltr'>dignum</span> <span class='ocrx_word' id='word_1_651' title='bbox 912 5050 972 5090; x_wconf 88' lang='lat' dir='ltr'>con·</span> 
     </span>
     <span class='ocr_line' id='line_1_64' title="bbox 183 5122 977 5201; baseline -0.016 -10"><span class='ocrx_word' id='word_1_652' title='bbox 183 5124 305 5191; x_wconf 83' lang='lat' dir='ltr'>sidereus</span> <span class='ocrx_word' id='word_1_653' title='bbox 319 5133 477 5189; x_wconf 90' lang='lat' dir='ltr'>sacerdotali</span> <span class='ocrx_word' id='word_1_654' title='bbox 493 5130 593 5194; x_wconf 81' lang='lat' dir='ltr'>allucio,</span> <span class='ocrx_word' id='word_1_655' title='bbox 607 5138 634 5186; x_wconf 92' lang='lat' dir='ltr'>et</span> <span class='ocrx_word' id='word_1_656' title='bbox 644 5145 692 5201; x_wconf 88' lang='lat' dir='ltr'>per</span> <span class='ocrx_word' id='word_1_657' title='bbox 703 5143 733 5184; x_wconf 90' lang='lat' dir='ltr'>se</span> <span class='ocrx_word' id='word_1_658' title='bbox 742 5126 861 5199; x_wconf 82' lang='lat' dir='ltr'>rogando</span> <span class='ocrx_word' id='word_1_659' title='bbox 872 5133 899 5181; x_wconf 89' lang='lat' dir='ltr'>et</span> <span class='ocrx_word' id='word_1_660' title='bbox 911 5122 977 5180; x_wconf 91' lang='lat' dir='ltr'>alios</span> 
     </span>
     <span class='ocr_line' id='line_1_65' title="bbox 183 5219 978 5290; baseline -0.016 -5"><span class='ocrx_word' id='word_1_661' title='bbox 183 5226 236 5285; x_wconf 89' lang='lat' dir='ltr'>lltle</span> <span class='ocrx_word' id='word_1_662' title='bbox 250 5224 397 5282; x_wconf 80' lang='lat' dir='ltr'>catholicos</span> <span class='ocrx_word' id='word_1_663' title='bbox 414 5223 555 5290; x_wconf 87' lang='lat' dir='ltr'>ltertando,</span> <span class='ocrx_word' id='word_1_664' title='bbox 571 5223 605 5278; x_wconf 94' lang='lat' dir='ltr'>ad</span> <span class='ocrx_word' id='word_1_665' title='bbox 623 5229 724 5277; x_wconf 87' lang='lat' dir='ltr'>tantum</span> <span class='ocrx_word' id='word_1_666' title='bbox 735 5219 856 5275; x_wconf 81' lang='lat' dir='ltr'>ordinem</span> <span class='ocrx_word' id='word_1_667' title='bbox 871 5232 978 5290; x_wconf 91' lang='lat' dir='ltr'>promo·</span> 
     </span>
    </p>
   </div>
   <div class='ocr_carea' id='block_1_6' title="bbox 187 5308 976 5386">
    <p class='ocr_par' dir='ltr' id='par_1_7' title="bbox 187 5308 976 5386">
     <span class='ocr_line' id='line_1_66' title="bbox 187 5308 976 5386; baseline -0.02 -9"><span class='ocrx_word' id='word_1_668' title='bbox 187 5318 233 5379; x_wconf 85' lang='lat' dir='ltr'>rit.</span> <span class='ocrx_word' id='word_1_669' title='bbox 248 5318 276 5372; x_wconf 92' lang='lat' dir='ltr'>ln</span> <span class='ocrx_word' id='word_1_670' title='bbox 292 5316 398 5385; x_wconf 79' lang='lat' dir='ltr'>querit</span> <span class='ocrx_word' id='word_1_671' title='bbox 421 5315 467 5371; x_wconf 85' lang='lat' dir='ltr'>[lei</span> <span class='ocrx_word' id='word_1_672' title='bbox 491 5312 645 5386; x_wconf 92' lang='lat' dir='ltr'>aliquandiu</span> <span class='ocrx_word' id='word_1_673' title='bbox 660 5313 786 5367; x_wconf 85' lang='lat' dir='ltr'>rietltans</span> <span class='ocrx_word' id='word_1_674' title='bbox 807 5308 976 5381; x_wconf 87' lang='lat' dir='ltr'>irrepreben-</span> 
     </span>
    </p>
   </div>
   <div class='ocr_carea' id='block_1_7' title="bbox 187 5395 978 5756">
    <p class='ocr_par' dir='ltr' id='par_1_8' title="bbox 187 5395 978 5756">
     <span class='ocr_line' id='line_1_67' title="bbox 188 5395 978 5476; baseline -0.015 -11"><span class='ocrx_word' id='word_1_675' title='bbox 188 5395 301 5469; x_wconf 84' lang='lat' dir='ltr'>sibiliter</span> <span class='ocrx_word' id='word_1_676' title='bbox 316 5407 477 5476; x_wconf 90' lang='lat' dir='ltr'>ministerio,</span> <span class='ocrx_word' id='word_1_677' title='bbox 492 5405 635 5463; x_wconf 84' lang='lat' dir='ltr'>abeodem</span> <span class='ocrx_word' id='word_1_678' title='bbox 656 5402 770 5473; x_wconf 79' lang='lat' dir='ltr'>presule</span> <span class='ocrx_word' id='word_1_679' title='bbox 794 5410 869 5471; x_wconf 89' lang='lat' dir='ltr'>patet</span> <span class='ocrx_word' id='word_1_680' title='bbox 887 5414 978 5455; x_wconf 88' lang='lat' dir='ltr'>motta-</span> 
     </span>
     <span class='ocr_line' id='line_1_68' title="bbox 189 5482 977 5566; baseline -0.005 -12"><span class='ocrx_word' id='word_1_681' title='bbox 189 5498 299 5557; x_wconf 84' lang='lat' dir='ltr'>cltorum</span> <span class='ocrx_word' id='word_1_682' title='bbox 329 5501 427 5557; x_wconf 91' lang='lat' dir='ltr'>tneruit</span> <span class='ocrx_word' id='word_1_683' title='bbox 453 5482 579 5557; x_wconf 80' lang='lat' dir='ltr'>constitui</span> <span class='ocrx_word' id='word_1_684' title='bbox 608 5495 635 5551; x_wconf 92' lang='lat' dir='ltr'>in</span> <span class='ocrx_word' id='word_1_685' title='bbox 661 5493 789 5566; x_wconf 81' lang='lat' dir='ltr'>predicto</span> <span class='ocrx_word' id='word_1_686' title='bbox 812 5490 977 5551; x_wconf 83' lang='lat' dir='ltr'>llelduneusi</span> 
     </span>
     <span class='ocr_line' id='line_1_69' title="bbox 187 5585 977 5665; baseline -0.004 -20"><span class='ocrx_word' id='word_1_687' title='bbox 187 5592 321 5665; x_wconf 73' lang='lat' dir='ltr'>centolio.</span> <span class='ocrx_word' id='word_1_688' title='bbox 342 5590 446 5661; x_wconf 78' lang='lat' dir='ltr'>Quibus</span> <span class='ocrx_word' id='word_1_689' title='bbox 469 5606 522 5651; x_wconf 90' lang='lat' dir='ltr'>uon</span> <span class='ocrx_word' id='word_1_690' title='bbox 542 5598 637 5662; x_wconf 88' lang='lat' dir='ltr'>sponte</span> <span class='ocrx_word' id='word_1_691' title='bbox 660 5587 830 5659; x_wconf 75' lang='lat' dir='ltr'>praepositus,</span> <span class='ocrx_word' id='word_1_692' title='bbox 850 5585 977 5660; x_wconf 81' lang='lat' dir='ltr'>quidquid</span> 
     </span>
     <span class='ocr_line' id='line_1_70' title="bbox 189 5672 978 5756; baseline 0.001 -20"><span class='ocrx_word' id='word_1_693' title='bbox 189 5681 296 5741; x_wconf 81' lang='lat' dir='ltr'>assidue</span> <span class='ocrx_word' id='word_1_694' title='bbox 310 5683 424 5744; x_wconf 81' lang='lat' dir='ltr'>decebat</span> <span class='ocrx_word' id='word_1_695' title='bbox 439 5683 550 5756; x_wconf 87' lang='lat' dir='ltr'>pollenti</span> <span class='ocrx_word' id='word_1_696' title='bbox 564 5672 681 5752; x_wconf 86' lang='lat' dir='ltr'>eloquio,</span> <span class='ocrx_word' id='word_1_697' title='bbox 705 5690 788 5737; x_wconf 88' lang='lat' dir='ltr'>totum</span> <span class='ocrx_word' id='word_1_698' title='bbox 805 5682 880 5749; x_wconf 86' lang='lat' dir='ltr'>quasi</span> <span class='ocrx_word' id='word_1_699' title='bbox 893 5681 978 5738; x_wconf 86' lang='lat' dir='ltr'>bonus</span> 
     </span>
    </p>
   </div>
   <div class='ocr_carea' id='block_1_8' title="bbox 181 4390 1818 4489">
    <p class='ocr_par' dir='ltr' id='par_1_9' title="bbox 181 4390 1818 4489">
     <span class='ocr_line' id='line_1_71' title="bbox 181 4390 1818 4489; baseline -0.009 -25"><span class='ocrx_word' id='word_1_700' title='bbox 181 4403 316 4476; x_wconf 84' lang='lat' dir='ltr'>Scriptura</span> <span class='ocrx_word' id='word_1_701' title='bbox 331 4402 397 4461; x_wconf 90' lang='lat' dir='ltr'>dicit</span> <span class='ocrx_word' id='word_1_702' title='bbox 414 4420 421 4459; x_wconf 91' lang='lat'>:</span> <span class='ocrx_word' id='word_1_703' title='bbox 439 4401 534 4458; x_wconf 83' lang='lat' dir='ltr'>licetur</span> <span class='ocrx_word' id='word_1_704' title='bbox 544 4401 619 4455; x_wconf 79' lang='lat' dir='ltr'>ltnmn</span> <span class='ocrx_word' id='word_1_705' title='bbox 632 4401 677 4473; x_wconf 81' lang='lat' dir='ltr'>qui</span> <span class='ocrx_word' id='word_1_706' title='bbox 689 4418 789 4472; x_wconf 78' lang='lat' dir='ltr'>senaper</span> <span class='ocrx_word' id='word_1_707' title='bbox 803 4410 839 4456; x_wconf 83' lang='lat' dir='ltr'>cat</span> <span class='ocrx_word' id='word_1_708' title='bbox 852 4399 969 4472; x_wconf 76' lang='lat' dir='ltr'>perideo.</span> <span class='ocrx_word' id='word_1_709' title='bbox 987 4424 1012 4489; x_wconf 70' lang='lat' dir='ltr'><strong>D</strong></span> <span class='ocrx_word' id='word_1_710' title='bbox 1027 4399 1094 4465; x_wconf 84' lang='lat' dir='ltr'>beo,</span> <span class='ocrx_word' id='word_1_711' title='bbox 1110 4399 1154 4456; x_wconf 94' lang='lat' dir='ltr'>cui</span> <span class='ocrx_word' id='word_1_712' title='bbox 1168 4413 1198 4455; x_wconf 88' lang='lat' dir='ltr'>se</span> <span class='ocrx_word' id='word_1_713' title='bbox 1216 4398 1312 4454; x_wconf 82' lang='lat' dir='ltr'>devote</span> <span class='ocrx_word' id='word_1_714' title='bbox 1327 4395 1437 4452; x_wconf 89' lang='lat' dir='ltr'>dederat</span> <span class='ocrx_word' id='word_1_715' title='bbox 1449 4412 1456 4462; x_wconf 87' lang='lat'><strong>;</strong></span> <span class='ocrx_word' id='word_1_716' title='bbox 1470 4409 1524 4466; x_wconf 87' lang='grc' dir='ltr'>ιιι</span> <span class='ocrx_word' id='word_1_717' title='bbox 1537 4390 1622 4465; x_wconf 73' lang='lat' dir='ltr'>magis</span> <span class='ocrx_word' id='word_1_718' title='bbox 1632 4408 1647 4447; x_wconf 93' lang='lat' dir='ltr'>a</span> <span class='ocrx_word' id='word_1_719' title='bbox 1658 4402 1731 4450; x_wconf 93' lang='lat' dir='ltr'>tanto</span> <span class='ocrx_word' id='word_1_720' title='bbox 1751 4405 1818 4461; x_wconf 71' lang='lat' dir='ltr'>pon:</span> 
     </span>
    </p>
   </div>
   <div class='ocr_carea' id='block_1_9' title="bbox 1025 4480 1823 5740">
    <p class='ocr_par' dir='ltr' id='par_1_10' title="bbox 1025 4480 1823 5740">
     <span class='ocr_line' id='line_1_72' title="bbox 1027 4480 1810 4560; baseline -0.013 -15"><span class='ocrx_word' id='word_1_721' title='bbox 1027 4490 1097 4546; x_wconf 87' lang='lat' dir='ltr'>tillcc</span> <span class='ocrx_word' id='word_1_722' title='bbox 1119 4490 1246 4560; x_wconf 84' lang='lat' dir='ltr'>omnique</span> <span class='ocrx_word' id='word_1_723' title='bbox 1261 4486 1359 4558; x_wconf 90' lang='lat' dir='ltr'>populo</span> <span class='ocrx_word' id='word_1_724' title='bbox 1372 4493 1556 4541; x_wconf 78' lang='lat' dir='ltr'>veneraretur.</span> <span class='ocrx_word' id='word_1_725' title='bbox 1571 4481 1620 4539; x_wconf 77' lang='lat' dir='ltr'>Vir</span> <span class='ocrx_word' id='word_1_726' title='bbox 1642 4482 1741 4554; x_wconf 91' lang='lat' dir='ltr'>quippe</span> <span class='ocrx_word' id='word_1_727' title='bbox 1760 4480 1810 4536; x_wconf 89' lang='lat' dir='ltr'>lau·</span> 
     </span>
     <span class='ocr_line' id='line_1_73' title="bbox 1025 4572 1817 4651; baseline -0.013 -13"><span class='ocrx_word' id='word_1_728' title='bbox 1025 4580 1121 4638; x_wconf 88' lang='lat' dir='ltr'>dabilis</span> <span class='ocrx_word' id='word_1_729' title='bbox 1144 4595 1247 4648; x_wconf 83' lang='lat' dir='ltr'>sectant,</span> <span class='ocrx_word' id='word_1_730' title='bbox 1269 4591 1427 4651; x_wconf 89' lang='lat' dir='ltr'>quoeunque</span> <span class='ocrx_word' id='word_1_731' title='bbox 1452 4576 1517 4644; x_wconf 86' lang='lat' dir='ltr'>ibat,</span> <span class='ocrx_word' id='word_1_732' title='bbox 1542 4586 1571 4632; x_wconf 95' lang='lat' dir='ltr'>ut</span> <span class='ocrx_word' id='word_1_733' title='bbox 1594 4574 1752 4646; x_wconf 88' lang='lat' dir='ltr'>adimpleret</span> <span class='ocrx_word' id='word_1_734' title='bbox 1766 4572 1817 4630; x_wconf 90' lang='lat' dir='ltr'>silti</span> 
     </span>
     <span class='ocr_line' id='line_1_74' title="bbox 1026 4667 1817 4739; baseline -0.013 -9"><span class='ocrx_word' id='word_1_735' title='bbox 1026 4674 1168 4730; x_wconf 78' lang='lat' dir='ltr'>eottnmissa</span> <span class='ocrx_word' id='word_1_736' title='bbox 1188 4672 1287 4739; x_wconf 87' lang='lat' dir='ltr'>elbcia,</span> <span class='ocrx_word' id='word_1_737' title='bbox 1302 4670 1457 4726; x_wconf 79' lang='lat' dir='ltr'>vestimenta</span> <span class='ocrx_word' id='word_1_738' title='bbox 1481 4668 1655 4726; x_wconf 89' lang='lat' dir='ltr'>sacerdotalia</span> <span class='ocrx_word' id='word_1_739' title='bbox 1669 4667 1817 4724; x_wconf 76' lang='lat' dir='ltr'>deferebat.</span> 
     </span>
     <span class='ocr_line' id='line_1_75' title="bbox 1027 4755 1820 4833; baseline -0.009 -14"><span class='ocrx_word' id='word_1_740' title='bbox 1027 4762 1129 4833; x_wconf 83' lang='lat' dir='ltr'>Quibus</span> <span class='ocrx_word' id='word_1_741' title='bbox 1144 4764 1170 4818; x_wconf 91' lang='lat' dir='ltr'>in</span> <span class='ocrx_word' id='word_1_742' title='bbox 1186 4761 1360 4818; x_wconf 83' lang='lat' dir='ltr'>Laterauensi</span> <span class='ocrx_word' id='word_1_743' title='bbox 1382 4768 1413 4815; x_wconf 93' lang='lat' dir='ltr'>ut</span> <span class='ocrx_word' id='word_1_744' title='bbox 1430 4767 1598 4815; x_wconf 87' lang='lat' dir='ltr'>sacramenta</span> <span class='ocrx_word' id='word_1_745' title='bbox 1613 4755 1722 4815; x_wconf 76' lang='lat' dir='ltr'>oberret</span> <span class='ocrx_word' id='word_1_746' title='bbox 1745 4773 1820 4827; x_wconf 87' lang='lat' dir='ltr'>pres-</span> 
     </span>
     <span class='ocr_line' id='line_1_76' title="bbox 1027 4850 1820 4924; baseline -0.01 -14"><span class='ocrx_word' id='word_1_747' title='bbox 1027 4852 1132 4924; x_wconf 85' lang='lat' dir='ltr'>byterio</span> <span class='ocrx_word' id='word_1_748' title='bbox 1143 4851 1262 4919; x_wconf 91' lang='lat' dir='ltr'>indutus,</span> <span class='ocrx_word' id='word_1_749' title='bbox 1283 4852 1447 4920; x_wconf 89' lang='lat' dir='ltr'>subsequens</span> <span class='ocrx_word' id='word_1_750' title='bbox 1461 4850 1616 4906; x_wconf 85' lang='lat' dir='ltr'>miraculum</span> <span class='ocrx_word' id='word_1_751' title='bbox 1631 4859 1768 4905; x_wconf 85' lang='lat' dir='ltr'>ostensum</span> <span class='ocrx_word' id='word_1_752' title='bbox 1780 4860 1820 4905; x_wconf 90' lang='lat' dir='ltr'>est</span> 
     </span>
     <span class='ocr_line' id='line_1_77' title="bbox 1027 4939 1820 5015; baseline -0.008 -16"><span class='ocrx_word' id='word_1_753' title='bbox 1027 4942 1161 4999; x_wconf 87' lang='lat' dir='ltr'>omnibus.</span> <span class='ocrx_word' id='word_1_754' title='bbox 1175 4940 1251 4997; x_wconf 87' lang='lat' dir='ltr'>laste</span> <span class='ocrx_word' id='word_1_755' title='bbox 1264 4950 1291 4995; x_wconf 92' lang='lat' dir='ltr'>et</span> <span class='ocrx_word' id='word_1_756' title='bbox 1301 4942 1349 5011; x_wconf 89' lang='lat' dir='ltr'>pic</span> <span class='ocrx_word' id='word_1_757' title='bbox 1363 4949 1471 5010; x_wconf 88' lang='lat' dir='ltr'>peraeto</span> <span class='ocrx_word' id='word_1_758' title='bbox 1485 4941 1575 5015; x_wconf 76' lang='lat' dir='ltr'>misse</span> <span class='ocrx_word' id='word_1_759' title='bbox 1588 4939 1689 5004; x_wconf 84' lang='lat' dir='ltr'>otneto,</span> <span class='ocrx_word' id='word_1_760' title='bbox 1711 4939 1820 4996; x_wconf 90' lang='lat' dir='ltr'>eedem·</span> 
     </span>
     <span class='ocr_line' id='line_1_78' title="bbox 1026 5031 1816 5102; baseline -0.004 -15"><span class='ocrx_word' id='word_1_761' title='bbox 1026 5047 1079 5102; x_wconf 84' lang='lat' dir='ltr'>que</span> <span class='ocrx_word' id='word_1_762' title='bbox 1093 5032 1225 5086; x_wconf 83' lang='lat' dir='ltr'>ministris</span> <span class='ocrx_word' id='word_1_763' title='bbox 1239 5034 1296 5086; x_wconf 91' lang='lat' dir='ltr'>suis</span> <span class='ocrx_word' id='word_1_764' title='bbox 1310 5031 1464 5100; x_wconf 73' lang='lat' dir='ltr'>porrigente</span> <span class='ocrx_word' id='word_1_765' title='bbox 1488 5032 1619 5099; x_wconf 89' lang='lat' dir='ltr'>casulam,</span> <span class='ocrx_word' id='word_1_766' title='bbox 1640 5031 1816 5086; x_wconf 86' lang='lat' dir='ltr'>indubitanter</span> 
     </span>
     <span class='ocr_line' id='line_1_79' title="bbox 1027 5119 1821 5194; baseline -0.004 -17"><span class='ocrx_word' id='word_1_767' title='bbox 1027 5122 1064 5179; x_wconf 92' lang='lat' dir='ltr'>lbi</span> <span class='ocrx_word' id='word_1_768' title='bbox 1077 5121 1236 5193; x_wconf 75' lang='lat' dir='ltr'>prasidi-nte</span> <span class='ocrx_word' id='word_1_769' title='bbox 1247 5120 1344 5176; x_wconf 81' lang='lat' dir='ltr'>dirina</span> <span class='ocrx_word' id='word_1_770' title='bbox 1357 5120 1505 5191; x_wconf 80' lang='lat' dir='ltr'>maiestatis</span> <span class='ocrx_word' id='word_1_771' title='bbox 1520 5121 1648 5194; x_wconf 82' lang='lat' dir='ltr'>potentia,</span> <span class='ocrx_word' id='word_1_772' title='bbox 1663 5119 1701 5177; x_wconf 89' lang='lat' dir='ltr'>ita</span> <span class='ocrx_word' id='word_1_773' title='bbox 1711 5121 1821 5175; x_wconf 82' lang='lat' dir='ltr'>tirmiter</span> 
     </span>
     <span class='ocr_line' id='line_1_80' title="bbox 1029 5208 1823 5284; baseline -0.013 -13"><span class='ocrx_word' id='word_1_774' title='bbox 1029 5224 1056 5271; x_wconf 94' lang='lat' dir='ltr'>et</span> <span class='ocrx_word' id='word_1_775' title='bbox 1067 5222 1222 5268; x_wconf 86' lang='lat' dir='ltr'>constanter</span> <span class='ocrx_word' id='word_1_776' title='bbox 1231 5213 1299 5268; x_wconf 92' lang='lat' dir='ltr'>solis</span> <span class='ocrx_word' id='word_1_777' title='bbox 1312 5211 1388 5268; x_wconf 91' lang='lat' dir='ltr'>radio</span> <span class='ocrx_word' id='word_1_778' title='bbox 1403 5214 1539 5284; x_wconf 87' lang='lat' dir='ltr'>pependit,</span> <span class='ocrx_word' id='word_1_779' title='bbox 1553 5229 1584 5267; x_wconf 90' lang='lat' dir='ltr'>ae</span> <span class='ocrx_word' id='word_1_780' title='bbox 1600 5213 1623 5268; x_wconf 89' lang='lat' dir='ltr'>si</span> <span class='ocrx_word' id='word_1_781' title='bbox 1635 5210 1747 5281; x_wconf 86' lang='lat' dir='ltr'>alicujus</span> <span class='ocrx_word' id='word_1_782' title='bbox 1758 5208 1823 5264; x_wconf 89' lang='lat' dir='ltr'>soli-</span> 
     </span>
     <span class='ocr_line' id='line_1_81' title="bbox 1028 5299 1820 5361; baseline -0.011 0"><span class='ocrx_word' id='word_1_783' title='bbox 1028 5306 1070 5361; x_wconf 86' lang='lat' dir='ltr'>dte</span> <span class='ocrx_word' id='word_1_784' title='bbox 1084 5304 1205 5360; x_wconf 76' lang='lat' dir='ltr'>materiei</span> <span class='ocrx_word' id='word_1_785' title='bbox 1224 5312 1422 5360; x_wconf 88' lang='lat' dir='ltr'>sustentaretur</span> <span class='ocrx_word' id='word_1_786' title='bbox 1431 5303 1592 5358; x_wconf 87' lang='lat' dir='ltr'>adminiculo</span> <span class='ocrx_word' id='word_1_787' title='bbox 1604 5319 1610 5354; x_wconf 93' lang='lat'><strong>:</strong></span> <span class='ocrx_word' id='word_1_788' title='bbox 1623 5302 1680 5356; x_wconf 78' lang='lat' dir='ltr'>itae</span> <span class='ocrx_word' id='word_1_789' title='bbox 1692 5311 1782 5354; x_wconf 86' lang='lat' dir='ltr'>autern</span> <span class='ocrx_word' id='word_1_790' title='bbox 1794 5299 1820 5353; x_wconf 87' lang='lat' dir='ltr'>iu</span> 
     </span>
     <span class='ocr_line' id='line_1_82' title="bbox 1029 5389 1820 5472; baseline -0.011 -18"><span class='ocrx_word' id='word_1_791' title='bbox 1029 5396 1195 5454; x_wconf 86' lang='lat' dir='ltr'>lleldunensi</span> <span class='ocrx_word' id='word_1_792' title='bbox 1209 5395 1338 5451; x_wconf 87' lang='lat' dir='ltr'>ltaetenns</span> <span class='ocrx_word' id='word_1_793' title='bbox 1353 5393 1465 5449; x_wconf 79' lang='lat' dir='ltr'>liabetur</span> <span class='ocrx_word' id='word_1_794' title='bbox 1480 5393 1603 5472; x_wconf 86' lang='lat' dir='ltr'>eeclesia,</span> <span class='ocrx_word' id='word_1_795' title='bbox 1617 5391 1643 5444; x_wconf 89' lang='lat' dir='ltr'>in</span> <span class='ocrx_word' id='word_1_796' title='bbox 1658 5389 1820 5450; x_wconf 83' lang='lat' dir='ltr'>sanctitatis.</span> 
     </span>
     <span class='ocr_line' id='line_1_83' title="bbox 1029 5480 1822 5558; baseline -0.019 -12"><span class='ocrx_word' id='word_1_797' title='bbox 1029 5496 1058 5546; x_wconf 91' lang='lat' dir='ltr'>ut</span> <span class='ocrx_word' id='word_1_798' title='bbox 1080 5489 1167 5552; x_wconf 84' lang='lat' dir='ltr'>decet,</span> <span class='ocrx_word' id='word_1_799' title='bbox 1192 5501 1287 5558; x_wconf 72' lang='lat' dir='ltr'>magna</span> <span class='ocrx_word' id='word_1_800' title='bbox 1312 5486 1472 5541; x_wconf 85' lang='lat' dir='ltr'>reverentia.</span> <span class='ocrx_word' id='word_1_801' title='bbox 1497 5484 1596 5539; x_wconf 87' lang='lat' dir='ltr'>0rere</span> <span class='ocrx_word' id='word_1_802' title='bbox 1618 5497 1718 5537; x_wconf 77' lang='lat' dir='ltr'>nornen</span> <span class='ocrx_word' id='word_1_803' title='bbox 1734 5480 1822 5550; x_wconf 77' lang='grc' dir='ltr'><strong>ιιιιιιι</strong></span> 
     </span>
     <span class='ocr_line' id='line_1_84' title="bbox 1030 5572 1823 5652; baseline -0.014 -13"><span class='ocrx_word' id='word_1_804' title='bbox 1030 5582 1096 5639; x_wconf 77' lang='lat' dir='ltr'>stiae</span> <span class='ocrx_word' id='word_1_805' title='bbox 1111 5578 1279 5652; x_wconf 71' lang='lat' dir='ltr'>prodigium!</span> <span class='ocrx_word' id='word_1_806' title='bbox 1306 5574 1394 5647; x_wconf 86' lang='lat' dir='ltr'>illurn,</span> <span class='ocrx_word' id='word_1_807' title='bbox 1414 5575 1546 5647; x_wconf 89' lang='lat' dir='ltr'>discipulo</span> <span class='ocrx_word' id='word_1_808' title='bbox 1558 5580 1697 5642; x_wconf 91' lang='lat' dir='ltr'>cernente,</span> <span class='ocrx_word' id='word_1_809' title='bbox 1719 5572 1752 5628; x_wconf 88' lang='lat' dir='ltr'>ad</span> <span class='ocrx_word' id='word_1_810' title='bbox 1768 5586 1823 5628; x_wconf 74' lang='grc' dir='ltr'><strong>ιιι·</strong></span> 
     </span>
     <span class='ocr_line' id='line_1_85' title="bbox 1033 5660 1821 5740; baseline -0.019 -9"><span class='ocrx_word' id='word_1_811' title='bbox 1033 5674 1088 5733; x_wconf 90' lang='lat' dir='ltr'>lom</span> <span class='ocrx_word' id='word_1_812' title='bbox 1104 5686 1199 5731; x_wconf 90' lang='lat' dir='ltr'>curtus</span> <span class='ocrx_word' id='word_1_813' title='bbox 1213 5668 1311 5728; x_wconf 84' lang='lat' dir='ltr'>leratit</span> <span class='ocrx_word' id='word_1_814' title='bbox 1325 5668 1434 5740; x_wconf 65' lang='lat' dir='ltr'>igneus,</span> <span class='ocrx_word' id='word_1_815' title='bbox 1461 5666 1534 5734; x_wconf 90' lang='lat' dir='ltr'>lntic,</span> <span class='ocrx_word' id='word_1_816' title='bbox 1549 5665 1639 5723; x_wconf 90' lang='lat' dir='ltr'>multis</span> <span class='ocrx_word' id='word_1_817' title='bbox 1651 5660 1821 5727; x_wconf 82' lang='lat' dir='ltr'>mirantibus,</span> 
     </span>
    </p>
   </div>
   <div class='ocr_carea' id='block_1_10' title="bbox 0 0 1920 6114">
    <p class='ocr_par' dir='ltr' id='par_1_11' title="bbox 0 0 1920 6114">
     <span class='ocr_line' id='line_1_86' title="bbox 0 0 1920 6114; baseline 0 0"><span class='ocrx_word' id='word_1_818' title='bbox 0 0 1920 6114; x_wconf 95' lang='lat' dir='ltr'> </span> 
     </span>
    </p>
   </div>
  </div>
 </body>
</html>
