<?xml version="1.0" encoding="UTF-8"?>
<!DOCTYPE html PUBLIC "-//W3C//DTD XHTML 1.0 Transitional//EN"
    "http://www.w3.org/TR/xhtml1/DTD/xhtml1-transitional.dtd">
<html xmlns="http://www.w3.org/1999/xhtml" xml:lang="en" lang="en">
 <head>
  <title>
</title>
<meta http-equiv="Content-Type" content="text/html;charset=utf-8" />
  <meta name='ocr-system' content='tesseract 3.04.00' />
  <meta name='ocr-capabilities' content='ocr_page ocr_carea ocr_par ocr_line ocrx_word'/>
</head>
<body>
  <div class='ocr_page' id='page_1' title='image "./patrologiaecurs74unkngoog_0566.png"; bbox 0 0 3832 6114; ppageno 0'>
   <div class='ocr_carea' id='block_1_1' title="bbox 147 275 214 333">
    <p class='ocr_par' dir='ltr' id='par_1_1' title="bbox 147 275 214 333">
     <span class='ocr_line' id='line_1_1' title="bbox 147 275 214 333; baseline 0.06 -3"><span class='ocrx_word' id='word_1_1' title='bbox 147 275 214 333; x_wconf 74' lang='lat' dir='ltr'>{08ss</span> 
     </span>
    </p>
   </div>
   <div class='ocr_carea' id='block_1_2' title="bbox 751 260 1161 322">
    <p class='ocr_par' dir='ltr' id='par_1_2' title="bbox 751 260 1161 322">
     <span class='ocr_line' id='line_1_2' title="bbox 751 260 1161 322; baseline -0.012 -2"><span class='ocrx_word' id='word_1_2' title='bbox 751 264 889 322; x_wconf 75' lang='lat' dir='ltr'>REGULh</span> <span class='ocrx_word' id='word_1_3' title='bbox 908 260 1161 320; x_wconf 63' lang='lat' dir='ltr'>crtnuiitcottbtl.</span> 
     </span>
    </p>
   </div>
   <div class='ocr_carea' id='block_1_3' title="bbox 1699 268 1767 325">
    <p class='ocr_par' dir='ltr' id='par_1_3' title="bbox 1699 268 1767 325">
     <span class='ocr_line' id='line_1_3' title="bbox 1699 268 1767 325; baseline 0 -1"><span class='ocrx_word' id='word_1_4' title='bbox 1699 268 1767 325; x_wconf 84' lang='lat' dir='ltr'>totto</span> 
     </span>
    </p>
   </div>
   <div class='ocr_carea' id='block_1_4' title="bbox 189 375 1767 454">
    <p class='ocr_par' dir='ltr' id='par_1_4' title="bbox 189 375 1767 454">
     <span class='ocr_line' id='line_1_4' title="bbox 189 375 1767 454; baseline -0.003 -11"><span class='ocrx_word' id='word_1_5' title='bbox 189 389 277 443; x_wconf 69' lang='lat' dir='ltr'>cerer</span> <span class='ocrx_word' id='word_1_6' title='bbox 293 385 395 441; x_wconf 74' lang='lat' dir='ltr'>lxxii.</span> <span class='ocrx_word' id='word_1_7' title='bbox 410 413 444 424; x_wconf 93' lang='lat'><em>-</em></span> <span class='ocrx_word' id='word_1_8' title='bbox 460 383 606 439; x_wconf 81' lang='lat' dir='ltr'>dilationes</span> <span class='ocrx_word' id='word_1_9' title='bbox 621 384 648 436; x_wconf 86' lang='grc' dir='ltr'>ιι</span> <span class='ocrx_word' id='word_1_10' title='bbox 665 382 781 436; x_wconf 83' lang='lat' dir='ltr'>dontibus</span> <span class='ocrx_word' id='word_1_11' title='bbox 796 381 883 449; x_wconf 73' lang='lat' dir='ltr'>offerri</span> <span class='ocrx_word' id='word_1_12' title='bbox 945 379 1060 442; x_wconf 71' lang='lat' dir='ltr'>Aelctur</span> <span class='ocrx_word' id='word_1_13' title='bbox 1075 395 1081 430; x_wconf 92' lang='lat'>:</span> <span class='ocrx_word' id='word_1_14' title='bbox 1098 375 1131 430; x_wconf 81' lang='lat' dir='ltr'>Et</span> <span class='ocrx_word' id='word_1_15' title='bbox 1145 392 1203 429; x_wconf 84' lang='lat' dir='ltr'>otrttt</span> <span class='ocrx_word' id='word_1_16' title='bbox 1216 377 1308 445; x_wconf 87' lang='lat' dir='ltr'>spiritu</span> <span class='ocrx_word' id='word_1_17' title='bbox 1323 385 1384 443; x_wconf 87' lang='lat' dir='ltr'>too,</span> <span class='ocrx_word' id='word_1_18' title='bbox 1403 378 1443 432; x_wconf 88' lang='lat' dir='ltr'>sel</span> <span class='ocrx_word' id='word_1_19' title='bbox 1462 393 1509 446; x_wconf 92' lang='lat' dir='ltr'>pro</span> <span class='ocrx_word' id='word_1_20' title='bbox 1524 380 1619 449; x_wconf 89' lang='lat' dir='ltr'>quibus</span> <span class='ocrx_word' id='word_1_21' title='bbox 1634 383 1767 454; x_wconf 84' lang='lat' dir='ltr'>supplicat</span> 
     </span>
    </p>
   </div>
   <div class='ocr_carea' id='block_1_5' title="bbox 144 464 934 1528">
    <p class='ocr_par' dir='ltr' id='par_1_5' title="bbox 444 464 634 526">
     <span class='ocr_line' id='line_1_5' title="bbox 444 464 634 526; baseline -0.016 -18"><span class='ocrx_word' id='word_1_22' title='bbox 444 472 495 509; x_wconf 85' lang='lat' dir='ltr'>noo</span> <span class='ocrx_word' id='word_1_23' title='bbox 509 464 634 526; x_wconf 75' lang='lat' dir='ltr'>oportere.</span> 
     </span>
    </p>

    <p class='ocr_par' dir='ltr' id='par_1_6' title="bbox 144 539 933 793">
     <span class='ocr_line' id='line_1_6' title="bbox 181 539 932 616; baseline -0.011 -15"><span class='ocrx_word' id='word_1_24' title='bbox 181 555 193 582; x_wconf 83' lang='lat'>⁸</span> <span class='ocrx_word' id='word_1_25' title='bbox 210 546 266 601; x_wconf 91' lang='lat' dir='ltr'>Non</span> <span class='ocrx_word' id='word_1_26' title='bbox 283 555 389 616; x_wconf 89' lang='lat' dir='ltr'>oportet</span> <span class='ocrx_word' id='word_1_27' title='bbox 409 547 435 598; x_wconf 90' lang='grc' dir='ltr'>ιιι</span> <span class='ocrx_word' id='word_1_28' title='bbox 450 544 572 600; x_wconf 79' lang='lat' dir='ltr'><strong>domibus</strong></span> <span class='ocrx_word' id='word_1_29' title='bbox 583 542 735 598; x_wconf 84' lang='lat' dir='ltr'>obtusiones</span> <span class='ocrx_word' id='word_1_30' title='bbox 749 541 882 596; x_wconf 84' lang='lat' dir='ltr'>celebrari</span> <span class='ocrx_word' id='word_1_31' title='bbox 899 539 932 593; x_wconf 93' lang='lat' dir='ltr'>ab</span> 
     </span>
     <span class='ocr_line' id='line_1_7' title="bbox 144 637 560 708; baseline -0.01 -16"><span class='ocrx_word' id='word_1_32' title='bbox 144 638 289 708; x_wconf 91' lang='lat' dir='ltr'>episeopis,</span> <span class='ocrx_word' id='word_1_33' title='bbox 306 638 373 692; x_wconf 82' lang='lat' dir='ltr'>uela</span> <span class='ocrx_word' id='word_1_34' title='bbox 389 637 560 707; x_wconf 56' lang='lat' dir='ltr'>presbyteris.</span> 
     </span>
     <span class='ocr_line' id='line_1_8' title="bbox 144 724 933 793; baseline -0.009 -8"><span class='ocrx_word' id='word_1_35' title='bbox 144 727 234 785; x_wconf 73' lang='lat' dir='ltr'>Corus</span> <span class='ocrx_word' id='word_1_36' title='bbox 247 727 363 783; x_wconf 78' lang='lat' dir='ltr'>Lxxttt.</span> <span class='ocrx_word' id='word_1_37' title='bbox 384 756 420 768; x_wconf 90' lang='lat'>-·</span> <span class='ocrx_word' id='word_1_38' title='bbox 434 726 566 793; x_wconf 81' lang='lat' dir='ltr'><em>Quomodo</em></span> <span class='ocrx_word' id='word_1_39' title='bbox 580 724 741 778; x_wconf 84' lang='lat' dir='ltr'>benedicendi</span> <span class='ocrx_word' id='word_1_40' title='bbox 754 734 811 777; x_wconf 70' lang='lat' dir='ltr'>suot</span> <span class='ocrx_word' id='word_1_41' title='bbox 826 736 933 793; x_wconf 78' lang='lat' dir='ltr'>sponsus</span> 
     </span>
    </p>

    <p class='ocr_par' dir='ltr' id='par_1_7' title="bbox 465 829 605 887">
     <span class='ocr_line' id='line_1_9' title="bbox 465 829 605 887; baseline 0 -15"><span class='ocrx_word' id='word_1_42' title='bbox 465 829 490 873; x_wconf 83' lang='lat' dir='ltr'>et</span> <span class='ocrx_word' id='word_1_43' title='bbox 504 834 605 887; x_wconf 83' lang='lat' dir='ltr'>sponsu.</span> 
     </span>
    </p>

    <p class='ocr_par' dir='ltr' id='par_1_8' title="bbox 145 905 934 1528">
     <span class='ocr_line' id='line_1_10' title="bbox 185 905 933 984; baseline -0.011 -15"><span class='ocrx_word' id='word_1_44' title='bbox 185 914 197 953; x_wconf 79' lang='lat'>⁸¹</span> <span class='ocrx_word' id='word_1_45' title='bbox 214 915 332 984; x_wconf 88' lang='lat' dir='ltr'>Sponsus</span> <span class='ocrx_word' id='word_1_46' title='bbox 348 922 375 966; x_wconf 91' lang='lat' dir='ltr'>ct</span> <span class='ocrx_word' id='word_1_47' title='bbox 386 925 484 981; x_wconf 81' lang='lat' dir='ltr'>sponsa</span> <span class='ocrx_word' id='word_1_48' title='bbox 498 927 557 966; x_wconf 87' lang='lat' dir='ltr'>curn</span> <span class='ocrx_word' id='word_1_49' title='bbox 577 907 700 979; x_wconf 89' lang='lat' dir='ltr'>precibus</span> <span class='ocrx_word' id='word_1_50' title='bbox 714 917 740 962; x_wconf 88' lang='lat' dir='ltr'>et</span> <span class='ocrx_word' id='word_1_51' title='bbox 754 905 933 962; x_wconf 76' lang='lat' dir='ltr'>oblationibus</span> 
     </span>
     <span class='ocr_line' id='line_1_11' title="bbox 151 1000 931 1071; baseline -0.009 -13"><span class='ocrx_word' id='word_1_52' title='bbox 151 1018 165 1058; x_wconf 88' lang='grc' dir='ltr'>ι</span> <span class='ocrx_word' id='word_1_53' title='bbox 180 1005 318 1061; x_wconf 78' lang='lat' dir='ltr'>sacerdote</span> <span class='ocrx_word' id='word_1_54' title='bbox 329 1004 530 1067; x_wconf 76' lang='lat' dir='ltr'>benedicentur,</span> <span class='ocrx_word' id='word_1_55' title='bbox 542 1011 570 1056; x_wconf 88' lang='lat' dir='ltr'>et</span> <span class='ocrx_word' id='word_1_56' title='bbox 584 1001 687 1071; x_wconf 77' lang='lat' dir='ltr'>iegibus</span> <span class='ocrx_word' id='word_1_57' title='bbox 702 1013 799 1067; x_wconf 89' lang='lat' dir='ltr'>sponsa</span> <span class='ocrx_word' id='word_1_58' title='bbox 813 1000 931 1062; x_wconf 80' lang='lat' dir='ltr'>dotetur,</span> 
     </span>
     <span class='ocr_line' id='line_1_12' title="bbox 147 1089 933 1167; baseline -0.011 -16"><span class='ocrx_word' id='word_1_59' title='bbox 147 1106 174 1151; x_wconf 91' lang='lat' dir='ltr'>ct</span> <span class='ocrx_word' id='word_1_60' title='bbox 186 1111 200 1149; x_wconf 91' lang='lat' dir='ltr'>a</span> <span class='ocrx_word' id='word_1_61' title='bbox 213 1095 402 1167; x_wconf 78' lang='lat' dir='ltr'>paranymphis</span> <span class='ocrx_word' id='word_1_62' title='bbox 416 1094 592 1158; x_wconf 87' lang='lat' dir='ltr'>custodiatur;</span> <span class='ocrx_word' id='word_1_63' title='bbox 608 1102 634 1146; x_wconf 87' lang='lat' dir='ltr'>et</span> <span class='ocrx_word' id='word_1_64' title='bbox 645 1090 750 1161; x_wconf 87' lang='lat' dir='ltr'>publice</span> <span class='ocrx_word' id='word_1_65' title='bbox 761 1089 933 1143; x_wconf 88' lang='lat' dir='ltr'>solemniter-</span> 
     </span>
     <span class='ocr_line' id='line_1_13' title="bbox 145 1180 933 1258; baseline -0.011 -16"><span class='ocrx_word' id='word_1_66' title='bbox 145 1203 197 1258; x_wconf 91' lang='lat' dir='ltr'>que</span> <span class='ocrx_word' id='word_1_67' title='bbox 210 1188 364 1255; x_wconf 78' lang='lat' dir='ltr'>accipiatur.</span> <span class='ocrx_word' id='word_1_68' title='bbox 387 1185 469 1240; x_wconf 86' lang='lat' dir='ltr'>Biduo</span> <span class='ocrx_word' id='word_1_69' title='bbox 488 1186 567 1239; x_wconf 84' lang='lat' dir='ltr'>etiam</span> <span class='ocrx_word' id='word_1_70' title='bbox 587 1197 618 1237; x_wconf 89' lang='lat' dir='ltr'>ac</span> <span class='ocrx_word' id='word_1_71' title='bbox 636 1181 723 1236; x_wconf 90' lang='lat' dir='ltr'>triduo</span> <span class='ocrx_word' id='word_1_72' title='bbox 744 1180 933 1244; x_wconf 70' lang='lat' dir='ltr'>abstineatur,</span> 
     </span>
     <span class='ocr_line' id='line_1_14' title="bbox 146 1274 934 1338; baseline -0.005 -7"><span class='ocrx_word' id='word_1_73' title='bbox 146 1288 174 1331; x_wconf 93' lang='lat' dir='ltr'>ct</span> <span class='ocrx_word' id='word_1_74' title='bbox 186 1279 314 1332; x_wconf 87' lang='lat' dir='ltr'>doceatur</span> <span class='ocrx_word' id='word_1_75' title='bbox 325 1277 364 1331; x_wconf 91' lang='lat' dir='ltr'>eis</span> <span class='ocrx_word' id='word_1_76' title='bbox 376 1286 403 1330; x_wconf 92' lang='lat' dir='ltr'>nt</span> <span class='ocrx_word' id='word_1_77' title='bbox 416 1277 564 1331; x_wconf 71' lang='lat' dir='ltr'>castitatem</span> <span class='ocrx_word' id='word_1_78' title='bbox 580 1277 649 1330; x_wconf 88' lang='lat' dir='ltr'>inter</span> <span class='ocrx_word' id='word_1_79' title='bbox 659 1289 688 1330; x_wconf 88' lang='lat' dir='ltr'>se</span> <span class='ocrx_word' id='word_1_80' title='bbox 700 1274 861 1338; x_wconf 80' lang='lat' dir='ltr'>custodiunt,</span> <span class='ocrx_word' id='word_1_81' title='bbox 873 1289 934 1328; x_wconf 89' lang='lat' dir='ltr'>cer·</span> 
     </span>
     <span class='ocr_line' id='line_1_15' title="bbox 148 1364 933 1437; baseline 0 -17"><span class='ocrx_word' id='word_1_82' title='bbox 148 1369 233 1437; x_wconf 84' lang='lat' dir='ltr'>risque</span> <span class='ocrx_word' id='word_1_83' title='bbox 248 1369 410 1437; x_wconf 78' lang='lat' dir='ltr'>temporibus</span> <span class='ocrx_word' id='word_1_84' title='bbox 425 1369 536 1433; x_wconf 88' lang='lat' dir='ltr'>nubant,</span> <span class='ocrx_word' id='word_1_85' title='bbox 552 1379 577 1421; x_wconf 93' lang='grc' dir='ltr'>ιιι</span> <span class='ocrx_word' id='word_1_86' title='bbox 594 1369 663 1421; x_wconf 90' lang='lat' dir='ltr'>lilios</span> <span class='ocrx_word' id='word_1_87' title='bbox 679 1382 731 1420; x_wconf 93' lang='lat' dir='ltr'>non</span> <span class='ocrx_word' id='word_1_88' title='bbox 752 1368 869 1435; x_wconf 88' lang='lat' dir='ltr'>spurios,</span> <span class='ocrx_word' id='word_1_89' title='bbox 886 1364 933 1420; x_wconf 88' lang='lat' dir='ltr'>sed</span> 
     </span>
     <span class='ocr_line' id='line_1_16' title="bbox 147 1460 701 1528; baseline -0.005 -14"><span class='ocrx_word' id='word_1_90' title='bbox 147 1460 330 1514; x_wconf 78' lang='lat' dir='ltr'>hereditarios</span> <span class='ocrx_word' id='word_1_91' title='bbox 343 1460 397 1513; x_wconf 85' lang='lat' dir='ltr'>lieo</span> <span class='ocrx_word' id='word_1_92' title='bbox 411 1470 437 1514; x_wconf 88' lang='lat' dir='ltr'>et</span> <span class='ocrx_word' id='word_1_93' title='bbox 452 1460 550 1514; x_wconf 78' lang='lat' dir='ltr'>suenio</span> <span class='ocrx_word' id='word_1_94' title='bbox 561 1469 701 1528; x_wconf 73' lang='lat' dir='ltr'>petierent.</span> 
     </span>
    </p>
   </div>
   <div class='ocr_carea' id='block_1_6' title="bbox 198 1547 881 1674">
    <p class='ocr_par' dir='ltr' id='par_1_9' title="bbox 198 1547 881 1674">
     <span class='ocr_line' id='line_1_17' title="bbox 198 1547 881 1673; baseline -0.001 -69"><span class='ocrx_word' id='word_1_95' title='bbox 198 1547 286 1605; x_wconf 80' lang='lat' dir='ltr'>Caena</span> <span class='ocrx_word' id='word_1_96' title='bbox 301 1549 418 1606; x_wconf 74' lang='lat' dir='ltr'>lxxiv.</span> <span class='ocrx_word' id='word_1_97' title='bbox 429 1580 464 1592; x_wconf 98' lang='lat'>-</span> <span class='ocrx_word' id='word_1_98' title='bbox 480 1550 520 1673; x_wconf 50' lang='lat' dir='ltr'>uel</span> <span class='ocrx_word' id='word_1_99' title='bbox 529 1550 728 1672; x_wconf 51' lang='lat' dir='ltr'>sogeoroitotibut</span> <span class='ocrx_word' id='word_1_100' title='bbox 743 1550 881 1621; x_wconf 74' lang='lat' dir='ltr'>precipuis</span> 
     </span>
     <span class='ocr_line' id='line_1_18' title="bbox 480 1635 602 1674; baseline 0.008 -2"><span class='ocrx_word' id='word_1_101' title='bbox 480 1635 509 1673; x_wconf 89' lang='lat' dir='ltr'>co</span> <span class='ocrx_word' id='word_1_102' title='bbox 522 1637 551 1673; x_wconf 86' lang='lat' dir='ltr'>en</span> <span class='ocrx_word' id='word_1_103' title='bbox 571 1637 602 1674; x_wconf 85' lang='lat' dir='ltr'>ts.</span> 
     </span>
    </p>
   </div>
   <div class='ocr_carea' id='block_1_7' title="bbox 983 466 1771 1085">
    <p class='ocr_par' dir='ltr' id='par_1_10' title="bbox 983 466 1771 1085">
     <span class='ocr_line' id='line_1_19' title="bbox 984 466 1769 545; baseline 0.01 -24"><span class='ocrx_word' id='word_1_104' title='bbox 984 468 1077 533; x_wconf 84' lang='lat' dir='ltr'>Deusta,</span> <span class='ocrx_word' id='word_1_105' title='bbox 1092 470 1156 523; x_wconf 89' lang='lat' dir='ltr'>dum</span> <span class='ocrx_word' id='word_1_106' title='bbox 1170 468 1232 521; x_wconf 87' lang='lat' dir='ltr'>dicit</span> <span class='ocrx_word' id='word_1_107' title='bbox 1249 484 1255 519; x_wconf 89' lang='lat'>:</span> <span class='ocrx_word' id='word_1_108' title='bbox 1273 467 1409 533; x_wconf 84' lang='lat' dir='ltr'>lleruouto,</span> <span class='ocrx_word' id='word_1_109' title='bbox 1427 466 1544 534; x_wconf 85' lang='lat' dir='ltr'>Dorrsine,</span> <span class='ocrx_word' id='word_1_110' title='bbox 1559 470 1714 538; x_wconf 73' lang='lat' dir='ltr'>famulorum</span> <span class='ocrx_word' id='word_1_111' title='bbox 1728 480 1769 545; x_wconf 70' lang='lat' dir='ltr'>lu·</span> 
     </span>
     <span class='ocr_line' id='line_1_20' title="bbox 983 559 1769 628; baseline 0.008 -15"><span class='ocrx_word' id='word_1_112' title='bbox 983 560 1158 624; x_wconf 83' lang='lat' dir='ltr'>mulorumque</span> <span class='ocrx_word' id='word_1_113' title='bbox 1173 570 1286 621; x_wconf 87' lang='lat' dir='ltr'>tuorum,</span> <span class='ocrx_word' id='word_1_114' title='bbox 1302 568 1325 611; x_wconf 89' lang='lat' dir='ltr'>et</span> <span class='ocrx_word' id='word_1_115' title='bbox 1341 559 1452 611; x_wconf 82' lang='lat' dir='ltr'>eternium</span> <span class='ocrx_word' id='word_1_116' title='bbox 1465 562 1693 628; x_wconf 77' lang='lat' dir='ltr'>circumrotantium,</span> <span class='ocrx_word' id='word_1_117' title='bbox 1708 581 1769 618; x_wconf 90' lang='lat' dir='ltr'>curn</span> 
     </span>
     <span class='ocr_line' id='line_1_21' title="bbox 983 648 1770 717; baseline 0.005 -13"><span class='ocrx_word' id='word_1_118' title='bbox 983 650 1073 705; x_wconf 85' lang='lat' dir='ltr'>nulius</span> <span class='ocrx_word' id='word_1_119' title='bbox 1095 649 1269 704; x_wconf 88' lang='lat' dir='ltr'>circumsteti</span> <span class='ocrx_word' id='word_1_120' title='bbox 1291 649 1354 712; x_wconf 71' lang='lat' dir='ltr'>liu-e</span> <span class='ocrx_word' id='word_1_121' title='bbox 1379 648 1544 702; x_wconf 72' lang='lat' dir='ltr'>cousuetudo</span> <span class='ocrx_word' id='word_1_122' title='bbox 1566 652 1720 717; x_wconf 83' lang='lat' dir='ltr'>apostolieae</span> <span class='ocrx_word' id='word_1_123' title='bbox 1742 665 1770 708; x_wconf 91' lang='lat' dir='ltr'>ot</span> 
     </span>
     <span class='ocr_line' id='line_1_22' title="bbox 984 741 1769 809; baseline 0.001 -9"><span class='ocrx_word' id='word_1_124' title='bbox 984 745 1172 801; x_wconf 76' lang='lat' dir='ltr'>ecclesiastieae</span> <span class='ocrx_word' id='word_1_125' title='bbox 1197 741 1348 796; x_wconf 83' lang='lat' dir='ltr'>auctoritati</span> <span class='ocrx_word' id='word_1_126' title='bbox 1373 742 1506 795; x_wconf 87' lang='lat' dir='ltr'>contraria</span> <span class='ocrx_word' id='word_1_127' title='bbox 1535 743 1715 809; x_wconf 82' lang='lat' dir='ltr'>eradicanda,</span> <span class='ocrx_word' id='word_1_128' title='bbox 1742 757 1769 801; x_wconf 91' lang='lat' dir='ltr'>et</span> 
     </span>
     <span class='ocr_line' id='line_1_23' title="bbox 986 830 1771 901; baseline -0.001 -11"><span class='ocrx_word' id='word_1_129' title='bbox 986 833 1107 890; x_wconf 88' lang='lat' dir='ltr'>lunditus</span> <span class='ocrx_word' id='word_1_130' title='bbox 1120 832 1290 901; x_wconf 82' lang='lat' dir='ltr'>exstirpantia</span> <span class='ocrx_word' id='word_1_131' title='bbox 1302 840 1344 886; x_wconf 87' lang='lat' dir='ltr'>cst</span> <span class='ocrx_word' id='word_1_132' title='bbox 1356 845 1371 884; x_wconf 87' lang='lat' dir='ltr'>a</span> <span class='ocrx_word' id='word_1_133' title='bbox 1383 830 1487 884; x_wconf 83' lang='lat' dir='ltr'>bortrini</span> <span class='ocrx_word' id='word_1_134' title='bbox 1501 833 1692 887; x_wconf 86' lang='lat' dir='ltr'>sacerdotibus.</span> <span class='ocrx_word' id='word_1_135' title='bbox 1706 832 1771 889; x_wconf 82' lang='lat' dir='ltr'>Etsi</span> 
     </span>
     <span class='ocr_line' id='line_1_24' title="bbox 984 924 1770 998; baseline 0.001 -17"><span class='ocrx_word' id='word_1_136' title='bbox 984 928 1043 998; x_wconf 90' lang='lat' dir='ltr'>quis</span> <span class='ocrx_word' id='word_1_137' title='bbox 1065 927 1116 981; x_wconf 90' lang='lat' dir='ltr'>hoc</span> <span class='ocrx_word' id='word_1_138' title='bbox 1129 925 1254 993; x_wconf 79' lang='lat' dir='ltr'>deinceps</span> <span class='ocrx_word' id='word_1_139' title='bbox 1272 927 1359 978; x_wconf 87' lang='lat' dir='ltr'>lacere</span> <span class='ocrx_word' id='word_1_140' title='bbox 1374 924 1595 994; x_wconf 74' lang='lat' dir='ltr'>presumpserit,</span> <span class='ocrx_word' id='word_1_141' title='bbox 1613 927 1711 994; x_wconf 78' lang='lat' dir='ltr'>gradus</span> <span class='ocrx_word' id='word_1_142' title='bbox 1729 931 1770 982; x_wconf 91' lang='lat' dir='ltr'>sui</span> 
     </span>
     <span class='ocr_line' id='line_1_25' title="bbox 986 1013 1274 1085; baseline -0.024 -13"><span class='ocrx_word' id='word_1_143' title='bbox 986 1018 1104 1085; x_wconf 85' lang='lat' dir='ltr'>periculo</span> <span class='ocrx_word' id='word_1_144' title='bbox 1119 1013 1274 1083; x_wconf 83' lang='lat' dir='ltr'>subjacebit.</span> 
     </span>
    </p>
   </div>
   <div class='ocr_carea' id='block_1_8' title="bbox 985 1103 1772 1315">
    <p class='ocr_par' dir='ltr' id='par_1_11' title="bbox 985 1103 1772 1315">
     <span class='ocr_line' id='line_1_26' title="bbox 985 1103 1772 1174; baseline -0.006 -10"><span class='ocrx_word' id='word_1_145' title='bbox 985 1107 1076 1164; x_wconf 76' lang='lat' dir='ltr'>Carus</span> <span class='ocrx_word' id='word_1_146' title='bbox 1092 1105 1231 1160; x_wconf 64' lang='lat' dir='ltr'>[mxliii.</span> <span class='ocrx_word' id='word_1_147' title='bbox 1244 1134 1280 1145; x_wconf 94' lang='lat'><em>-</em></span> <span class='ocrx_word' id='word_1_148' title='bbox 1294 1103 1328 1159; x_wconf 84' lang='lat' dir='ltr'>lli</span> <span class='ocrx_word' id='word_1_149' title='bbox 1344 1104 1483 1173; x_wconf 76' lang='lat' dir='ltr'>presbyteri</span> <span class='ocrx_word' id='word_1_150' title='bbox 1496 1103 1641 1158; x_wconf 84' lang='lat' dir='ltr'>inconsulto</span> <span class='ocrx_word' id='word_1_151' title='bbox 1653 1108 1772 1174; x_wconf 81' lang='lat' dir='ltr'>episcopo</span> 
     </span>
     <span class='ocr_line' id='line_1_27' title="bbox 1021 1175 1770 1245; baseline -0.004 -14"><span class='ocrx_word' id='word_1_152' title='bbox 1021 1195 1071 1231; x_wconf 89' lang='lat' dir='ltr'>non</span> <span class='ocrx_word' id='word_1_153' title='bbox 1086 1177 1269 1229; x_wconf 85' lang='lat' dir='ltr'>corratituontur</span> <span class='ocrx_word' id='word_1_154' title='bbox 1285 1177 1310 1229; x_wconf 82' lang='grc' dir='ltr'>ιιι</span> <span class='ocrx_word' id='word_1_155' title='bbox 1324 1176 1436 1228; x_wconf 83' lang='lat' dir='ltr'>ecclesias</span> <span class='ocrx_word' id='word_1_156' title='bbox 1449 1213 1456 1241; x_wconf 93' lang='lat'>,</span> <span class='ocrx_word' id='word_1_157' title='bbox 1471 1175 1509 1228; x_wconf 88' lang='lat' dir='ltr'>uel</span> <span class='ocrx_word' id='word_1_158' title='bbox 1521 1175 1552 1227; x_wconf 90' lang='lat' dir='ltr'>dc</span> <span class='ocrx_word' id='word_1_159' title='bbox 1562 1178 1671 1229; x_wconf 79' lang='lat' dir='ltr'>ecclesiis</span> <span class='ocrx_word' id='word_1_160' title='bbox 1683 1180 1770 1245; x_wconf 81' lang='lat' dir='ltr'>copel·</span> 
     </span>
     <span class='ocr_line' id='line_1_28' title="bbox 1020 1245 1262 1315; baseline -0.012 -13"><span class='ocrx_word' id='word_1_161' title='bbox 1020 1251 1106 1302; x_wconf 83' lang='lat' dir='ltr'>iuretur</span> <span class='ocrx_word' id='word_1_162' title='bbox 1119 1245 1150 1299; x_wconf 79' lang='lat' dir='ltr'>ob</span> <span class='ocrx_word' id='word_1_163' title='bbox 1165 1246 1262 1315; x_wconf 87' lang='lat' dir='ltr'>aliquo.</span> 
     </span>
    </p>
   </div>
   <div class='ocr_carea' id='block_1_9' title="bbox 986 1337 1771 1679">
    <p class='ocr_par' dir='ltr' id='par_1_12' title="bbox 986 1337 1771 1679">
     <span class='ocr_line' id='line_1_29' title="bbox 1023 1337 1770 1395; baseline -0.001 0"><span class='ocrx_word' id='word_1_164' title='bbox 1023 1338 1034 1378; x_wconf 91' lang='lat' dir='ltr'>t</span> <span class='ocrx_word' id='word_1_165' title='bbox 1055 1341 1186 1395; x_wconf 86' lang='lat' dir='ltr'>Statutum</span> <span class='ocrx_word' id='word_1_166' title='bbox 1210 1348 1251 1392; x_wconf 86' lang='lat' dir='ltr'>est</span> <span class='ocrx_word' id='word_1_167' title='bbox 1275 1348 1305 1392; x_wconf 93' lang='lat' dir='ltr'>ut</span> <span class='ocrx_word' id='word_1_168' title='bbox 1318 1339 1376 1392; x_wconf 89' lang='lat' dir='ltr'>sine</span> <span class='ocrx_word' id='word_1_169' title='bbox 1396 1337 1554 1393; x_wconf 82' lang='lat' dir='ltr'>auctoritate</span> <span class='ocrx_word' id='word_1_170' title='bbox 1575 1340 1614 1392; x_wconf 86' lang='lat' dir='ltr'>rel</span> <span class='ocrx_word' id='word_1_171' title='bbox 1637 1353 1770 1394; x_wconf 87' lang='lat' dir='ltr'>consensu</span> 
     </span>
     <span class='ocr_line' id='line_1_30' title="bbox 988 1427 1765 1499; baseline 0 -13"><span class='ocrx_word' id='word_1_172' title='bbox 988 1430 1174 1499; x_wconf 86' lang='lat' dir='ltr'>episcoporum</span> <span class='ocrx_word' id='word_1_173' title='bbox 1191 1427 1338 1498; x_wconf 76' lang='lat' dir='ltr'>presbyteri</span> <span class='ocrx_word' id='word_1_174' title='bbox 1353 1429 1378 1480; x_wconf 91' lang='lat' dir='ltr'>in</span> <span class='ocrx_word' id='word_1_175' title='bbox 1394 1429 1555 1496; x_wconf 86' lang='lat' dir='ltr'>quibuslibet</span> <span class='ocrx_word' id='word_1_176' title='bbox 1571 1430 1695 1485; x_wconf 80' lang='lat' dir='ltr'>Ecclesiis</span> <span class='ocrx_word' id='word_1_177' title='bbox 1712 1447 1765 1486; x_wconf 92' lang='lat' dir='ltr'>non</span> 
     </span>
     <span class='ocr_line' id='line_1_31' title="bbox 986 1516 1769 1588; baseline -0.001 -14"><span class='ocrx_word' id='word_1_178' title='bbox 986 1520 1192 1584; x_wconf 88' lang='lat' dir='ltr'>constituantur,</span> <span class='ocrx_word' id='word_1_179' title='bbox 1207 1533 1255 1572; x_wconf 89' lang='lat' dir='ltr'>nec</span> <span class='ocrx_word' id='word_1_180' title='bbox 1270 1516 1331 1571; x_wconf 90' lang='lat' dir='ltr'>inde</span> <span class='ocrx_word' id='word_1_181' title='bbox 1346 1518 1522 1586; x_wconf 82' lang='lat' dir='ltr'>expelluntur.</span> <span class='ocrx_word' id='word_1_182' title='bbox 1537 1516 1570 1571; x_wconf 78' lang='lat' dir='ltr'>Et</span> <span class='ocrx_word' id='word_1_183' title='bbox 1584 1517 1676 1588; x_wconf 91' lang='lat' dir='ltr'>siquis</span> <span class='ocrx_word' id='word_1_184' title='bbox 1691 1520 1769 1573; x_wconf 90' lang='lat' dir='ltr'>dein·</span> 
     </span>
     <span class='ocr_line' id='line_1_32' title="bbox 987 1607 1771 1679; baseline 0.001 -15"><span class='ocrx_word' id='word_1_185' title='bbox 987 1623 1050 1679; x_wconf 87' lang='lat' dir='ltr'>ceps</span> <span class='ocrx_word' id='word_1_186' title='bbox 1065 1608 1117 1664; x_wconf 93' lang='lat' dir='ltr'>hoc</span> <span class='ocrx_word' id='word_1_187' title='bbox 1130 1608 1218 1664; x_wconf 85' lang='lat' dir='ltr'>lacere</span> <span class='ocrx_word' id='word_1_188' title='bbox 1232 1607 1383 1674; x_wconf 82' lang='lat' dir='ltr'>tentaterit,</span> <span class='ocrx_word' id='word_1_189' title='bbox 1400 1609 1519 1678; x_wconf 77' lang='lat' dir='ltr'>synodali</span> <span class='ocrx_word' id='word_1_190' title='bbox 1534 1612 1665 1663; x_wconf 89' lang='lat' dir='ltr'>sententia</span> <span class='ocrx_word' id='word_1_191' title='bbox 1679 1609 1771 1665; x_wconf 87' lang='lat' dir='ltr'>distri·</span> 
     </span>
    </p>
   </div>
   <div class='ocr_carea' id='block_1_10' title="bbox 181 1699 1160 1785">
    <p class='ocr_par' dir='ltr' id='par_1_13' title="bbox 181 1699 1160 1785">
     <span class='ocr_line' id='line_1_33' title="bbox 181 1699 1160 1785; baseline -0.01 -17"><span class='ocrx_word' id='word_1_192' title='bbox 181 1713 210 1768; x_wconf 94' lang='lat' dir='ltr'>ln</span> <span class='ocrx_word' id='word_1_193' title='bbox 224 1712 438 1768; x_wconf 88' lang='lat' dir='ltr'>solemnitatibus</span> <span class='ocrx_word' id='word_1_194' title='bbox 449 1712 602 1782; x_wconf 78' lang='lat' dir='ltr'>praecipuis,</span> <span class='ocrx_word' id='word_1_195' title='bbox 619 1712 644 1765; x_wconf 91' lang='lat' dir='ltr'>id</span> <span class='ocrx_word' id='word_1_196' title='bbox 661 1712 740 1766; x_wconf 89' lang='lat' dir='ltr'>estin</span> <span class='ocrx_word' id='word_1_197' title='bbox 756 1709 852 1776; x_wconf 85' lang='lat' dir='ltr'>Natali,</span> <span class='ocrx_word' id='word_1_198' title='bbox 869 1718 895 1763; x_wconf 91' lang='lat' dir='ltr'>et</span> <span class='ocrx_word' id='word_1_199' title='bbox 907 1708 932 1763; x_wconf 92' lang='lat' dir='ltr'>in</span> <span class='ocrx_word' id='word_1_200' title='bbox 952 1728 973 1785; x_wconf 71' lang='grc' dir='ltr'><strong>ῃ</strong></span> <span class='ocrx_word' id='word_1_201' title='bbox 987 1711 1029 1754; x_wconf 90' lang='lat' dir='ltr'>cte</span> <span class='ocrx_word' id='word_1_202' title='bbox 1042 1699 1160 1753; x_wconf 65' lang='lat' dir='ltr'>[erluini.</span> 
     </span>
    </p>
   </div>
   <div class='ocr_carea' id='block_1_11' title="bbox 146 1799 940 3075">
    <p class='ocr_par' dir='ltr' id='par_1_14' title="bbox 146 1799 940 3075">
     <span class='ocr_line' id='line_1_34' title="bbox 146 1799 934 1869; baseline -0.008 -11"><span class='ocrx_word' id='word_1_203' title='bbox 146 1801 264 1868; x_wconf 82' lang='lat' dir='ltr'>liutara,</span> <span class='ocrx_word' id='word_1_204' title='bbox 277 1809 304 1857; x_wconf 90' lang='lat' dir='ltr'>et</span> <span class='ocrx_word' id='word_1_205' title='bbox 319 1801 344 1855; x_wconf 94' lang='lat' dir='ltr'>in</span> <span class='ocrx_word' id='word_1_206' title='bbox 359 1799 505 1869; x_wconf 85' lang='lat' dir='ltr'>Epiphanio</span> <span class='ocrx_word' id='word_1_207' title='bbox 521 1799 637 1864; x_wconf 78' lang='lat' dir='ltr'>lionrini,</span> <span class='ocrx_word' id='word_1_208' title='bbox 652 1809 679 1853; x_wconf 91' lang='lat' dir='ltr'>et</span> <span class='ocrx_word' id='word_1_209' title='bbox 695 1800 720 1852; x_wconf 90' lang='lat' dir='ltr'>in</span> <span class='ocrx_word' id='word_1_210' title='bbox 737 1799 849 1867; x_wconf 81' lang='lat' dir='ltr'>Pascha,</span> <span class='ocrx_word' id='word_1_211' title='bbox 866 1807 893 1853; x_wconf 91' lang='lat' dir='ltr'>ct</span> <span class='ocrx_word' id='word_1_212' title='bbox 909 1801 934 1853; x_wconf 92' lang='lat' dir='ltr'>in</span> 
     </span>
     <span class='ocr_line' id='line_1_35' title="bbox 149 1891 936 1958; baseline -0.005 -8"><span class='ocrx_word' id='word_1_213' title='bbox 149 1895 312 1950; x_wconf 72' lang='lat' dir='ltr'>ascensione</span> <span class='ocrx_word' id='word_1_214' title='bbox 324 1892 443 1955; x_wconf 86' lang='lat' dir='ltr'>bomini,</span> <span class='ocrx_word' id='word_1_215' title='bbox 459 1899 485 1946; x_wconf 92' lang='lat' dir='ltr'>et</span> <span class='ocrx_word' id='word_1_216' title='bbox 506 1891 532 1943; x_wconf 91' lang='lat' dir='ltr'>in</span> <span class='ocrx_word' id='word_1_217' title='bbox 549 1891 726 1958; x_wconf 80' lang='lat' dir='ltr'>Pentecoste,</span> <span class='ocrx_word' id='word_1_218' title='bbox 743 1901 771 1946; x_wconf 92' lang='lat' dir='ltr'>et</span> <span class='ocrx_word' id='word_1_219' title='bbox 784 1891 810 1945; x_wconf 91' lang='lat' dir='ltr'>in</span> <span class='ocrx_word' id='word_1_220' title='bbox 826 1901 936 1947; x_wconf 90' lang='lat' dir='ltr'>saneto·</span> 
     </span>
     <span class='ocr_line' id='line_1_36' title="bbox 148 1984 934 2053; baseline -0.003 -13"><span class='ocrx_word' id='word_1_221' title='bbox 148 2003 204 2042; x_wconf 87' lang='lat' dir='ltr'>rum</span> <span class='ocrx_word' id='word_1_222' title='bbox 221 1987 418 2051; x_wconf 74' lang='lat' dir='ltr'>festivitatibus,</span> <span class='ocrx_word' id='word_1_223' title='bbox 438 1985 529 2050; x_wconf 90' lang='lat' dir='ltr'>idest,</span> <span class='ocrx_word' id='word_1_224' title='bbox 547 1984 629 2039; x_wconf 88' lang='lat' dir='ltr'>sancti</span> <span class='ocrx_word' id='word_1_225' title='bbox 645 1984 792 2053; x_wconf 80' lang='lat' dir='ltr'>Stephani,</span> <span class='ocrx_word' id='word_1_226' title='bbox 809 1996 835 2040; x_wconf 89' lang='lat' dir='ltr'>et</span> <span class='ocrx_word' id='word_1_227' title='bbox 850 1987 934 2040; x_wconf 73' lang='lat' dir='ltr'>salicti</span> 
     </span>
     <span class='ocr_line' id='line_1_37' title="bbox 151 2078 936 2150; baseline -0.006 -12"><span class='ocrx_word' id='word_1_228' title='bbox 151 2081 262 2138; x_wconf 80' lang='lat' dir='ltr'>instituis</span> <span class='ocrx_word' id='word_1_229' title='bbox 276 2081 472 2150; x_wconf 79' lang='lat' dir='ltr'>Eraoqeiistte,</span> <span class='ocrx_word' id='word_1_230' title='bbox 488 2088 516 2135; x_wconf 89' lang='lat' dir='ltr'>et</span> <span class='ocrx_word' id='word_1_231' title='bbox 531 2081 557 2132; x_wconf 92' lang='lat' dir='ltr'>io</span> <span class='ocrx_word' id='word_1_232' title='bbox 573 2079 716 2133; x_wconf 76' lang='lat' dir='ltr'>lestis-itate</span> <span class='ocrx_word' id='word_1_233' title='bbox 729 2078 891 2144; x_wconf 89' lang='lat' dir='ltr'>lulantium,</span> <span class='ocrx_word' id='word_1_234' title='bbox 909 2090 936 2135; x_wconf 90' lang='lat' dir='ltr'>et</span> 
     </span>
     <span class='ocr_line' id='line_1_38' title="bbox 150 2169 935 2237; baseline -0.003 -10"><span class='ocrx_word' id='word_1_235' title='bbox 150 2175 177 2227; x_wconf 92' lang='lat' dir='ltr'>in</span> <span class='ocrx_word' id='word_1_236' title='bbox 194 2170 401 2237; x_wconf 85' lang='lat' dir='ltr'>Purihcatioue,</span> <span class='ocrx_word' id='word_1_237' title='bbox 417 2180 443 2225; x_wconf 90' lang='lat' dir='ltr'>et</span> <span class='ocrx_word' id='word_1_238' title='bbox 458 2172 483 2222; x_wconf 93' lang='lat' dir='ltr'>in</span> <span class='ocrx_word' id='word_1_239' title='bbox 499 2169 687 2237; x_wconf 79' lang='lat' dir='ltr'>Assumptione</span> <span class='ocrx_word' id='word_1_240' title='bbox 710 2177 810 2224; x_wconf 77' lang='lat' dir='ltr'>sanctu</span> <span class='ocrx_word' id='word_1_241' title='bbox 829 2169 935 2237; x_wconf 80' lang='lat' dir='ltr'>blariae;</span> 
     </span>
     <span class='ocr_line' id='line_1_39' title="bbox 146 2260 936 2330; baseline -0.006 -11"><span class='ocrx_word' id='word_1_242' title='bbox 146 2265 271 2319; x_wconf 90' lang='lat' dir='ltr'>similiter</span> <span class='ocrx_word' id='word_1_243' title='bbox 284 2263 311 2316; x_wconf 90' lang='lat' dir='ltr'>iu</span> <span class='ocrx_word' id='word_1_244' title='bbox 337 2263 474 2316; x_wconf 89' lang='lat' dir='ltr'>beatorum</span> <span class='ocrx_word' id='word_1_245' title='bbox 497 2260 679 2330; x_wconf 90' lang='lat' dir='ltr'>apostolorum</span> <span class='ocrx_word' id='word_1_246' title='bbox 696 2260 787 2325; x_wconf 90' lang='lat' dir='ltr'>lestis,</span> <span class='ocrx_word' id='word_1_247' title='bbox 810 2269 837 2314; x_wconf 91' lang='lat' dir='ltr'>et</span> <span class='ocrx_word' id='word_1_248' title='bbox 851 2271 936 2315; x_wconf 81' lang='lat' dir='ltr'>sancti</span> 
     </span>
     <span class='ocr_line' id='line_1_40' title="bbox 146 2349 937 2422; baseline -0.01 -11"><span class='ocrx_word' id='word_1_249' title='bbox 146 2355 257 2411; x_wconf 83' lang='lat' dir='ltr'>loannis</span> <span class='ocrx_word' id='word_1_250' title='bbox 274 2354 409 2422; x_wconf 75' lang='lat' dir='ltr'>baptistae,</span> <span class='ocrx_word' id='word_1_251' title='bbox 426 2360 453 2406; x_wconf 90' lang='lat' dir='ltr'>et</span> <span class='ocrx_word' id='word_1_252' title='bbox 468 2351 550 2405; x_wconf 88' lang='lat' dir='ltr'>saneti</span> <span class='ocrx_word' id='word_1_253' title='bbox 565 2349 717 2414; x_wconf 81' lang='lat' dir='ltr'>Latere-otii,</span> <span class='ocrx_word' id='word_1_254' title='bbox 735 2359 762 2404; x_wconf 89' lang='lat' dir='ltr'>et</span> <span class='ocrx_word' id='word_1_255' title='bbox 774 2351 857 2404; x_wconf 90' lang='lat' dir='ltr'>sancti</span> <span class='ocrx_word' id='word_1_256' title='bbox 870 2349 937 2403; x_wconf 87' lang='lat' dir='ltr'>llar-</span> 
     </span>
     <span class='ocr_line' id='line_1_41' title="bbox 148 2441 937 2511; baseline -0.004 -11"><span class='ocrx_word' id='word_1_257' title='bbox 148 2446 218 2508; x_wconf 88' lang='lat' dir='ltr'>tini,</span> <span class='ocrx_word' id='word_1_258' title='bbox 234 2446 290 2500; x_wconf 85' lang='lat' dir='ltr'>sire</span> <span class='ocrx_word' id='word_1_259' title='bbox 303 2456 329 2498; x_wconf 92' lang='lat' dir='ltr'>et</span> <span class='ocrx_word' id='word_1_260' title='bbox 343 2446 368 2496; x_wconf 90' lang='lat' dir='ltr'>iu</span> <span class='ocrx_word' id='word_1_261' title='bbox 384 2443 466 2497; x_wconf 69' lang='lat' dir='ltr'>ronterii</span> <span class='ocrx_word' id='word_1_262' title='bbox 484 2441 624 2511; x_wconf 82' lang='lat' dir='ltr'>t·njuslibet</span> <span class='ocrx_word' id='word_1_263' title='bbox 639 2442 743 2506; x_wconf 87' lang='lat' dir='ltr'>sancti,</span> <span class='ocrx_word' id='word_1_264' title='bbox 760 2441 835 2511; x_wconf 80' lang='lat' dir='ltr'>cujus</span> <span class='ocrx_word' id='word_1_265' title='bbox 851 2442 937 2497; x_wconf 86' lang='lat' dir='ltr'>ltottot·</span> 
     </span>
     <span class='ocr_line' id='line_1_42' title="bbox 151 2533 938 2606; baseline -0.001 -17"><span class='ocrx_word' id='word_1_266' title='bbox 151 2538 177 2592; x_wconf 92' lang='lat' dir='ltr'>in</span> <span class='ocrx_word' id='word_1_267' title='bbox 189 2537 366 2606; x_wconf 73' lang='lat' dir='ltr'>quanticunque</span> <span class='ocrx_word' id='word_1_268' title='bbox 383 2533 510 2588; x_wconf 81' lang='lat' dir='ltr'>Parrnhiu</span> <span class='ocrx_word' id='word_1_269' title='bbox 527 2533 677 2601; x_wconf 70' lang='lat' dir='ltr'>spec-iutiter</span> <span class='ocrx_word' id='word_1_270' title='bbox 692 2533 865 2600; x_wconf 91' lang='lat' dir='ltr'>celebratur,</span> <span class='ocrx_word' id='word_1_271' title='bbox 883 2533 938 2602; x_wconf 91' lang='lat' dir='ltr'>ple·</span> 
     </span>
     <span class='ocr_line' id='line_1_43' title="bbox 146 2623 817 2686; baseline -0.007 -6"><span class='ocrx_word' id='word_1_272' title='bbox 146 2626 253 2680; x_wconf 89' lang='lat' dir='ltr'>narium</span> <span class='ocrx_word' id='word_1_273' title='bbox 265 2624 383 2678; x_wconf 78' lang='lat' dir='ltr'>osticium</span> <span class='ocrx_word' id='word_1_274' title='bbox 400 2624 561 2686; x_wconf 83' lang='lat' dir='ltr'>celebr-etur,</span> <span class='ocrx_word' id='word_1_275' title='bbox 578 2631 605 2676; x_wconf 86' lang='lat' dir='ltr'>et</span> <span class='ocrx_word' id='word_1_276' title='bbox 617 2624 657 2676; x_wconf 87' lang='lat' dir='ltr'>bis</span> <span class='ocrx_word' id='word_1_277' title='bbox 672 2623 817 2677; x_wconf 90' lang='lat' dir='ltr'>reliciatur.</span> 
     </span>
     <span class='ocr_line' id='line_1_44' title="bbox 256 2717 826 2776; baseline -0.007 -3"><span class='ocrx_word' id='word_1_278' title='bbox 256 2720 344 2776; x_wconf 78' lang='lat' dir='ltr'>Canus</span> <span class='ocrx_word' id='word_1_279' title='bbox 361 2717 544 2773; x_wconf 64' lang='lat' dir='ltr'>lxiii-lte</span> <span class='ocrx_word' id='word_1_280' title='bbox 554 2717 658 2771; x_wconf 83' lang='lat' dir='ltr'>decimis</span> <span class='ocrx_word' id='word_1_281' title='bbox 673 2717 826 2771; x_wconf 81' lang='lat' dir='ltr'>diuidendis.</span> 
     </span>
     <span class='ocr_line' id='line_1_45' title="bbox 188 2809 939 2881; baseline -0.003 -14"><span class='ocrx_word' id='word_1_282' title='bbox 188 2824 198 2850; x_wconf 62' lang='lat' dir='ltr'>f</span> <span class='ocrx_word' id='word_1_283' title='bbox 211 2811 372 2867; x_wconf 83' lang='lat' dir='ltr'>Sacerdotes</span> <span class='ocrx_word' id='word_1_284' title='bbox 389 2811 478 2881; x_wconf 89' lang='lat' dir='ltr'>pupuli</span> <span class='ocrx_word' id='word_1_285' title='bbox 489 2812 635 2877; x_wconf 80' lang='lat' dir='ltr'>suscipient</span> <span class='ocrx_word' id='word_1_286' title='bbox 650 2809 779 2871; x_wconf 87' lang='lat' dir='ltr'>decimas,</span> <span class='ocrx_word' id='word_1_287' title='bbox 792 2817 819 2863; x_wconf 89' lang='lat' dir='ltr'>et</span> <span class='ocrx_word' id='word_1_288' title='bbox 832 2809 939 2865; x_wconf 81' lang='lat' dir='ltr'>nomino</span> 
     </span>
     <span class='ocr_line' id='line_1_46' title="bbox 149 2901 940 2977; baseline -0.008 -15"><span class='ocrx_word' id='word_1_289' title='bbox 149 2920 245 2962; x_wconf 82' lang='lat' dir='ltr'>eorum</span> <span class='ocrx_word' id='word_1_290' title='bbox 259 2907 409 2977; x_wconf 85' lang='lat' dir='ltr'>quicunqne</span> <span class='ocrx_word' id='word_1_291' title='bbox 421 2905 541 2959; x_wconf 84' lang='lat' dir='ltr'>dederint</span> <span class='ocrx_word' id='word_1_292' title='bbox 561 2903 659 2971; x_wconf 89' lang='lat' dir='ltr'>scripta</span> <span class='ocrx_word' id='word_1_293' title='bbox 676 2903 790 2958; x_wconf 82' lang='lat' dir='ltr'>itabeant</span> <span class='ocrx_word' id='word_1_294' title='bbox 803 2917 884 2972; x_wconf 90' lang='lat' dir='ltr'>super</span> <span class='ocrx_word' id='word_1_295' title='bbox 898 2901 940 2956; x_wconf 86' lang='lat' dir='ltr'>al·</span> 
     </span>
     <span class='ocr_line' id='line_1_47' title="bbox 150 2997 940 3075; baseline -0.008 -20"><span class='ocrx_word' id='word_1_296' title='bbox 150 3009 227 3068; x_wconf 73' lang='lat' dir='ltr'>tore,</span> <span class='ocrx_word' id='word_1_297' title='bbox 240 3009 267 3054; x_wconf 82' lang='lat' dir='ltr'>et</span> <span class='ocrx_word' id='word_1_298' title='bbox 281 2998 352 3068; x_wconf 88' lang='lat' dir='ltr'>ipsas</span> <span class='ocrx_word' id='word_1_299' title='bbox 365 2999 483 3053; x_wconf 90' lang='lat' dir='ltr'>decimas</span> <span class='ocrx_word' id='word_1_300' title='bbox 497 2997 643 3052; x_wconf 89' lang='lat' dir='ltr'>secundum</span> <span class='ocrx_word' id='word_1_301' title='bbox 658 2997 844 3075; x_wconf 85' lang='lat' dir='ltr'>auctoritatem</span> <span class='ocrx_word' id='word_1_302' title='bbox 858 3008 940 3050; x_wconf 88' lang='lat' dir='ltr'>cano·</span> 
     </span>
    </p>
   </div>
   <div class='ocr_carea' id='block_1_12' title="bbox 153 3069 974 3151">
    <p class='ocr_par' dir='ltr' id='par_1_15' title="bbox 153 3069 974 3151">
     <span class='ocr_line' id='line_1_48' title="bbox 153 3069 974 3151; baseline -0.006 -7"><span class='ocrx_word' id='word_1_303' title='bbox 153 3088 237 3144; x_wconf 91' lang='lat' dir='ltr'>nicam</span> <span class='ocrx_word' id='word_1_304' title='bbox 252 3102 341 3143; x_wconf 87' lang='lat' dir='ltr'>corum</span> <span class='ocrx_word' id='word_1_305' title='bbox 356 3087 468 3143; x_wconf 89' lang='lat' dir='ltr'>testibus</span> <span class='ocrx_word' id='word_1_306' title='bbox 488 3085 623 3151; x_wconf 63' lang='lat' dir='ltr'>(liviticum</span> <span class='ocrx_word' id='word_1_307' title='bbox 649 3098 675 3141; x_wconf 89' lang='lat' dir='ltr'>et</span> <span class='ocrx_word' id='word_1_308' title='bbox 695 3085 728 3140; x_wconf 93' lang='lat' dir='ltr'>ad</span> <span class='ocrx_word' id='word_1_309' title='bbox 751 3069 974 3140; x_wconf 79' lang='lat' dir='ltr'>ornamentnmC</span> 
     </span>
    </p>
   </div>
   <div class='ocr_carea' id='block_1_13' title="bbox 152 3179 942 3599">
    <p class='ocr_par' dir='ltr' id='par_1_16' title="bbox 152 3179 942 3599">
     <span class='ocr_line' id='line_1_49' title="bbox 152 3179 941 3251; baseline -0.006 -15"><span class='ocrx_word' id='word_1_310' title='bbox 152 3182 273 3236; x_wconf 74' lang='lat' dir='ltr'>ecclesio</span> <span class='ocrx_word' id='word_1_311' title='bbox 290 3182 401 3251; x_wconf 86' lang='lat' dir='ltr'>primum</span> <span class='ocrx_word' id='word_1_312' title='bbox 424 3182 522 3247; x_wconf 74' lang='lat' dir='ltr'>eligent</span> <span class='ocrx_word' id='word_1_313' title='bbox 544 3191 668 3248; x_wconf 89' lang='lat' dir='ltr'>partem;</span> <span class='ocrx_word' id='word_1_314' title='bbox 694 3179 837 3234; x_wconf 87' lang='lat' dir='ltr'>secundam</span> <span class='ocrx_word' id='word_1_315' title='bbox 852 3190 941 3236; x_wconf 88' lang='lat' dir='ltr'>antem</span> 
     </span>
     <span class='ocr_line' id='line_1_50' title="bbox 154 3270 940 3341; baseline -0.001 -16"><span class='ocrx_word' id='word_1_316' title='bbox 154 3285 201 3339; x_wconf 83' lang='lat' dir='ltr'>per</span> <span class='ocrx_word' id='word_1_317' title='bbox 217 3285 310 3323; x_wconf 88' lang='lat' dir='ltr'>rnantts</span> <span class='ocrx_word' id='word_1_318' title='bbox 325 3270 443 3322; x_wconf 79' lang='lat' dir='ltr'>helelium</span> <span class='ocrx_word' id='word_1_319' title='bbox 464 3271 495 3322; x_wconf 90' lang='lat' dir='ltr'>ad</span> <span class='ocrx_word' id='word_1_320' title='bbox 515 3284 593 3322; x_wconf 88' lang='lat' dir='ltr'>usum</span> <span class='ocrx_word' id='word_1_321' title='bbox 614 3283 761 3336; x_wconf 84' lang='lat' dir='ltr'>pauperum</span> <span class='ocrx_word' id='word_1_322' title='bbox 777 3279 803 3323; x_wconf 88' lang='lat' dir='ltr'>et</span> <span class='ocrx_word' id='word_1_323' title='bbox 820 3272 940 3341; x_wconf 74' lang='lat' dir='ltr'>peregri·</span> 
     </span>
     <span class='ocr_line' id='line_1_51' title="bbox 153 3359 942 3431; baseline 0.001 -16"><span class='ocrx_word' id='word_1_324' title='bbox 153 3375 249 3415; x_wconf 90' lang='lat' dir='ltr'>nurum</span> <span class='ocrx_word' id='word_1_325' title='bbox 271 3359 480 3414; x_wconf 85' lang='lat' dir='ltr'>misericorditer</span> <span class='ocrx_word' id='word_1_326' title='bbox 493 3375 558 3430; x_wconf 49' lang='lat' dir='ltr'>,cum</span> <span class='ocrx_word' id='word_1_327' title='bbox 573 3360 645 3414; x_wconf 83' lang='lat' dir='ltr'>orsini</span> <span class='ocrx_word' id='word_1_328' title='bbox 668 3359 818 3415; x_wconf 87' lang='lat' dir='ltr'>humilitate</span> <span class='ocrx_word' id='word_1_329' title='bbox 834 3362 942 3431; x_wconf 84' lang='lat' dir='ltr'>dispen-</span> 
     </span>
     <span class='ocr_line' id='line_1_52' title="bbox 153 3452 942 3522; baseline -0.004 -13"><span class='ocrx_word' id='word_1_330' title='bbox 153 3465 232 3520; x_wconf 83' lang='lat' dir='ltr'>sent;</span> <span class='ocrx_word' id='word_1_331' title='bbox 249 3455 352 3510; x_wconf 86' lang='lat' dir='ltr'>tertiam</span> <span class='ocrx_word' id='word_1_332' title='bbox 368 3468 432 3509; x_wconf 84' lang='lat' dir='ltr'>vero</span> <span class='ocrx_word' id='word_1_333' title='bbox 443 3462 547 3522; x_wconf 83' lang='lat' dir='ltr'>partem</span> <span class='ocrx_word' id='word_1_334' title='bbox 560 3453 736 3522; x_wconf 87' lang='lat' dir='ltr'>sibimetipsis</span> <span class='ocrx_word' id='word_1_335' title='bbox 751 3452 803 3506; x_wconf 86' lang='lat' dir='ltr'>soii</span> <span class='ocrx_word' id='word_1_336' title='bbox 817 3453 942 3508; x_wconf 86' lang='lat' dir='ltr'>sacerdo·</span> 
     </span>
     <span class='ocr_line' id='line_1_53' title="bbox 153 3553 351 3599; baseline 0.005 -2"><span class='ocrx_word' id='word_1_337' title='bbox 153 3554 194 3599; x_wconf 88' lang='lat' dir='ltr'>tes</span> <span class='ocrx_word' id='word_1_338' title='bbox 206 3553 351 3599; x_wconf 83' lang='lat' dir='ltr'>reservent.</span> 
     </span>
    </p>
   </div>
   <div class='ocr_carea' id='block_1_14' title="bbox 152 3630 940 3770">
    <p class='ocr_par' dir='ltr' id='par_1_17' title="bbox 152 3630 940 3770">
     <span class='ocr_line' id='line_1_54' title="bbox 152 3630 940 3703; baseline -0.008 -11"><span class='ocrx_word' id='word_1_339' title='bbox 152 3635 241 3691; x_wconf 75' lang='lat' dir='ltr'>Coeno</span> <span class='ocrx_word' id='word_1_340' title='bbox 255 3634 445 3689; x_wconf 75' lang='lat' dir='ltr'>exiit-bt</span> <span class='ocrx_word' id='word_1_341' title='bbox 458 3630 754 3703; x_wconf 74' lang='lat' dir='ltr'>presbytcriperdioerso</span> <span class='ocrx_word' id='word_1_342' title='bbox 764 3630 940 3702; x_wconf 74' lang='lat' dir='ltr'>coepiscopis,</span> 
     </span>
     <span class='ocr_line' id='line_1_55' title="bbox 295 3705 796 3770; baseline -0.002 -14"><span class='ocrx_word' id='word_1_343' title='bbox 295 3713 338 3756; x_wconf 90' lang='lat' dir='ltr'>out</span> <span class='ocrx_word' id='word_1_344' title='bbox 353 3705 433 3770; x_wconf 85' lang='lat' dir='ltr'>luitis,</span> <span class='ocrx_word' id='word_1_345' title='bbox 448 3707 581 3758; x_wconf 82' lang='lat' dir='ltr'>irttliocrcte</span> <span class='ocrx_word' id='word_1_346' title='bbox 591 3720 639 3756; x_wconf 87' lang='lat' dir='ltr'>nort</span> <span class='ocrx_word' id='word_1_347' title='bbox 653 3705 796 3755; x_wconf 88' lang='lat' dir='ltr'>nriitontrrr.</span> 
     </span>
    </p>
   </div>
   <div class='ocr_carea' id='block_1_15' title="bbox 153 3795 942 4320">
    <p class='ocr_par' dir='ltr' id='par_1_18' title="bbox 153 3795 942 4320">
     <span class='ocr_line' id='line_1_56' title="bbox 188 3795 940 3869; baseline -0.001 -17"><span class='ocrx_word' id='word_1_348' title='bbox 188 3795 320 3852; x_wconf 79' lang='lat' dir='ltr'>suturam</span> <span class='ocrx_word' id='word_1_349' title='bbox 335 3807 415 3852; x_wconf 85' lang='lat' dir='ltr'>estut</span> <span class='ocrx_word' id='word_1_350' title='bbox 431 3799 600 3869; x_wconf 83' lang='lat' dir='ltr'>presbyteri,</span> <span class='ocrx_word' id='word_1_351' title='bbox 619 3800 687 3853; x_wconf 87' lang='lat' dir='ltr'>sient</span> <span class='ocrx_word' id='word_1_352' title='bbox 702 3798 829 3851; x_wconf 91' lang='lat' dir='ltr'>haetenus</span> <span class='ocrx_word' id='word_1_353' title='bbox 843 3799 940 3851; x_wconf 84' lang='lat' dir='ltr'>lactum</span> 
     </span>
     <span class='ocr_line' id='line_1_57' title="bbox 153 3888 942 3956; baseline 0.001 -15"><span class='ocrx_word' id='word_1_354' title='bbox 153 3895 207 3951; x_wconf 88' lang='lat' dir='ltr'>est,</span> <span class='ocrx_word' id='word_1_355' title='bbox 228 3888 373 3942; x_wconf 87' lang='lat' dir='ltr'>indiscrete</span> <span class='ocrx_word' id='word_1_356' title='bbox 394 3903 441 3956; x_wconf 90' lang='lat' dir='ltr'>per</span> <span class='ocrx_word' id='word_1_357' title='bbox 463 3889 568 3942; x_wconf 83' lang='lat' dir='ltr'>diversa</span> <span class='ocrx_word' id='word_1_358' title='bbox 590 3905 641 3942; x_wconf 84' lang='lat' dir='ltr'>tion</span> <span class='ocrx_word' id='word_1_359' title='bbox 665 3889 823 3951; x_wconf 80' lang='lat' dir='ltr'>initiantur,</span> <span class='ocrx_word' id='word_1_360' title='bbox 846 3903 895 3942; x_wconf 89' lang='lat' dir='ltr'>nec</span> <span class='ocrx_word' id='word_1_361' title='bbox 908 3890 942 3943; x_wconf 84' lang='lat' dir='ltr'>ab</span> 
     </span>
     <span class='ocr_line' id='line_1_58' title="bbox 154 3978 941 4049; baseline 0.001 -17"><span class='ocrx_word' id='word_1_362' title='bbox 154 3978 285 4048; x_wconf 90' lang='lat' dir='ltr'>episcopis</span> <span class='ocrx_word' id='word_1_363' title='bbox 300 4021 307 4047; x_wconf 95' lang='lat'>,</span> <span class='ocrx_word' id='word_1_364' title='bbox 325 3994 373 4032; x_wconf 90' lang='lat' dir='ltr'>nec</span> <span class='ocrx_word' id='word_1_365' title='bbox 388 3984 421 4033; x_wconf 90' lang='lat' dir='ltr'>ab</span> <span class='ocrx_word' id='word_1_366' title='bbox 441 3979 500 4033; x_wconf 84' lang='lat' dir='ltr'>aliis</span> <span class='ocrx_word' id='word_1_367' title='bbox 513 3980 629 4049; x_wconf 73' lang='lat' dir='ltr'>praelatis</span> <span class='ocrx_word' id='word_1_368' title='bbox 642 4022 650 4045; x_wconf 93' lang='lat'>,</span> <span class='ocrx_word' id='word_1_369' title='bbox 665 3993 715 4034; x_wconf 89' lang='lat' dir='ltr'>nec</span> <span class='ocrx_word' id='word_1_370' title='bbox 729 3981 807 4035; x_wconf 87' lang='lat' dir='ltr'>etiarn</span> <span class='ocrx_word' id='word_1_371' title='bbox 824 3996 839 4033; x_wconf 87' lang='lat' dir='ltr'>n</span> <span class='ocrx_word' id='word_1_372' title='bbox 856 3981 941 4045; x_wconf 84' lang='lat' dir='ltr'>laicis,</span> 
     </span>
     <span class='ocr_line' id='line_1_59' title="bbox 154 4067 942 4140; baseline 0.005 -18"><span class='ocrx_word' id='word_1_373' title='bbox 154 4083 188 4122; x_wconf 90' lang='lat' dir='ltr'>nc</span> <span class='ocrx_word' id='word_1_374' title='bbox 203 4067 271 4123; x_wconf 86' lang='lat' dir='ltr'>lorte</span> <span class='ocrx_word' id='word_1_375' title='bbox 285 4077 393 4136; x_wconf 89' lang='lat' dir='ltr'>propter</span> <span class='ocrx_word' id='word_1_376' title='bbox 406 4083 498 4123; x_wconf 90' lang='lat' dir='ltr'>eorum</span> <span class='ocrx_word' id='word_1_377' title='bbox 511 4069 671 4136; x_wconf 75' lang='lat' dir='ltr'>absentiam,</span> <span class='ocrx_word' id='word_1_378' title='bbox 687 4080 716 4126; x_wconf 88' lang='lat' dir='ltr'>et</span> <span class='ocrx_word' id='word_1_379' title='bbox 727 4072 877 4125; x_wconf 89' lang='lat' dir='ltr'>animarum</span> <span class='ocrx_word' id='word_1_380' title='bbox 897 4086 942 4140; x_wconf 92' lang='lat' dir='ltr'>pe·</span> 
     </span>
     <span class='ocr_line' id='line_1_60' title="bbox 156 4159 941 4234; baseline 0.005 -24"><span class='ocrx_word' id='word_1_381' title='bbox 156 4159 240 4211; x_wconf 90' lang='lat' dir='ltr'>ricula</span> <span class='ocrx_word' id='word_1_382' title='bbox 255 4202 261 4226; x_wconf 94' lang='lat'>,</span> <span class='ocrx_word' id='word_1_383' title='bbox 285 4159 461 4214; x_wconf 75' lang='lat' dir='ltr'>Ecclesiarum</span> <span class='ocrx_word' id='word_1_384' title='bbox 483 4162 509 4215; x_wconf 93' lang='lat' dir='ltr'>in</span> <span class='ocrx_word' id='word_1_385' title='bbox 525 4160 620 4232; x_wconf 89' lang='lat' dir='ltr'>quibus</span> <span class='ocrx_word' id='word_1_386' title='bbox 631 4162 770 4217; x_wconf 88' lang='lat' dir='ltr'>constituti</span> <span class='ocrx_word' id='word_1_387' title='bbox 781 4172 843 4217; x_wconf 89' lang='lat' dir='ltr'>suot</span> <span class='ocrx_word' id='word_1_388' title='bbox 856 4161 941 4234; x_wconf 78' lang='lat' dir='ltr'>negli-</span> 
     </span>
     <span class='ocr_line' id='line_1_61' title="bbox 153 4251 362 4320; baseline 0.019 -20"><span class='ocrx_word' id='word_1_389' title='bbox 153 4261 250 4320; x_wconf 72' lang='lat' dir='ltr'>qantur</span> <span class='ocrx_word' id='word_1_390' title='bbox 265 4251 362 4305; x_wconf 87' lang='lat' dir='ltr'>ollieio.</span> 
     </span>
    </p>
   </div>
   <div class='ocr_carea' id='block_1_16' title="bbox 1005 1789 1756 1916">
    <p class='ocr_par' dir='ltr' id='par_1_19' title="bbox 1005 1789 1756 1916">
     <span class='ocr_line' id='line_1_62' title="bbox 1005 1789 1756 1864; baseline 0.005 -19"><span class='ocrx_word' id='word_1_391' title='bbox 1005 1791 1096 1845; x_wconf 82' lang='lat' dir='ltr'>Cruor</span> <span class='ocrx_word' id='word_1_392' title='bbox 1111 1789 1228 1844; x_wconf 77' lang='lat' dir='ltr'>lxxix.</span> <span class='ocrx_word' id='word_1_393' title='bbox 1240 1821 1275 1830; x_wconf 87' lang='lat'>-</span> <span class='ocrx_word' id='word_1_394' title='bbox 1289 1790 1323 1843; x_wconf 83' lang='lat' dir='ltr'>lle</span> <span class='ocrx_word' id='word_1_395' title='bbox 1331 1791 1401 1844; x_wconf 87' lang='lat' dir='ltr'>libris</span> <span class='ocrx_word' id='word_1_396' title='bbox 1410 1809 1473 1860; x_wconf 88' lang='lat' dir='ltr'>quos</span> <span class='ocrx_word' id='word_1_397' title='bbox 1487 1795 1658 1864; x_wconf 83' lang='lat' dir='ltr'>uuusquisque</span> <span class='ocrx_word' id='word_1_398' title='bbox 1671 1810 1756 1850; x_wconf 86' lang='lat' dir='ltr'>secum</span> 
     </span>
     <span class='ocr_line' id='line_1_63' title="bbox 1149 1861 1548 1916; baseline 0.013 -5"><span class='ocrx_word' id='word_1_399' title='bbox 1149 1904 1151 1906; x_wconf 96' lang='lat'>.</span> <span class='ocrx_word' id='word_1_400' title='bbox 1206 1863 1232 1913; x_wconf 89' lang='lat' dir='ltr'>in</span> <span class='ocrx_word' id='word_1_401' title='bbox 1247 1861 1350 1914; x_wconf 83' lang='lat' dir='ltr'>ecclesio</span> <span class='ocrx_word' id='word_1_402' title='bbox 1364 1861 1455 1914; x_wconf 81' lang='lat' dir='ltr'>holere</span> <span class='ocrx_word' id='word_1_403' title='bbox 1466 1863 1548 1916; x_wconf 82' lang='lat' dir='ltr'>debet.</span> 
     </span>
    </p>
   </div>
   <div class='ocr_carea' id='block_1_17' title="bbox 987 1947 1773 2199">
    <p class='ocr_par' dir='ltr' id='par_1_20' title="bbox 987 1947 1773 2199">
     <span class='ocr_line' id='line_1_64' title="bbox 1023 1947 1773 2021; baseline 0.004 -20"><span class='ocrx_word' id='word_1_404' title='bbox 1023 1947 1054 2001; x_wconf 86' lang='lat' dir='ltr'>ht</span> <span class='ocrx_word' id='word_1_405' title='bbox 1070 1956 1132 2002; x_wconf 87' lang='lat' dir='ltr'>sunt</span> <span class='ocrx_word' id='word_1_406' title='bbox 1150 1947 1227 2012; x_wconf 91' lang='lat' dir='ltr'>libri,</span> <span class='ocrx_word' id='word_1_407' title='bbox 1250 1963 1317 2016; x_wconf 89' lang='lat' dir='ltr'>quos</span> <span class='ocrx_word' id='word_1_408' title='bbox 1331 1948 1430 2004; x_wconf 88' lang='lat' dir='ltr'>babere</span> <span class='ocrx_word' id='word_1_409' title='bbox 1444 1950 1523 2003; x_wconf 91' lang='lat' dir='ltr'>debet</span> <span class='ocrx_word' id='word_1_410' title='bbox 1536 1951 1717 2021; x_wconf 86' lang='lat' dir='ltr'>unusquisqne</span> <span class='ocrx_word' id='word_1_411' title='bbox 1730 1966 1773 2006; x_wconf 84' lang='lat' dir='ltr'>sa-</span> 
     </span>
     <span class='ocr_line' id='line_1_65' title="bbox 987 2038 1772 2109; baseline 0.001 -16"><span class='ocrx_word' id='word_1_412' title='bbox 987 2039 1083 2093; x_wconf 87' lang='lat' dir='ltr'>cerdos</span> <span class='ocrx_word' id='word_1_413' title='bbox 1094 2038 1120 2091; x_wconf 93' lang='lat' dir='ltr'>in</span> <span class='ocrx_word' id='word_1_414' title='bbox 1134 2053 1182 2092; x_wconf 85' lang='lat' dir='ltr'>sua</span> <span class='ocrx_word' id='word_1_415' title='bbox 1196 2038 1318 2106; x_wconf 88' lang='lat' dir='ltr'>ecclesia,</span> <span class='ocrx_word' id='word_1_416' title='bbox 1337 2054 1383 2107; x_wconf 89' lang='lat' dir='ltr'>per</span> <span class='ocrx_word' id='word_1_417' title='bbox 1394 2053 1460 2108; x_wconf 78' lang='lat' dir='ltr'>rpuos</span> <span class='ocrx_word' id='word_1_418' title='bbox 1472 2041 1579 2105; x_wconf 85' lang='lat' dir='ltr'>missus,</span> <span class='ocrx_word' id='word_1_419' title='bbox 1596 2049 1622 2094; x_wconf 93' lang='lat' dir='ltr'>et</span> <span class='ocrx_word' id='word_1_420' title='bbox 1636 2041 1772 2109; x_wconf 80' lang='lat' dir='ltr'>epistolas,</span> 
     </span>
     <span class='ocr_line' id='line_1_66' title="bbox 987 2128 1771 2199; baseline 0.004 -16"><span class='ocrx_word' id='word_1_421' title='bbox 987 2142 1034 2183; x_wconf 87' lang='lat' dir='ltr'>seu</span> <span class='ocrx_word' id='word_1_422' title='bbox 1048 2128 1231 2197; x_wconf 77' lang='lat' dir='ltr'>Euangelium,</span> <span class='ocrx_word' id='word_1_423' title='bbox 1246 2129 1288 2182; x_wconf 83' lang='lat' dir='ltr'>rei</span> <span class='ocrx_word' id='word_1_424' title='bbox 1304 2129 1498 2199; x_wconf 87' lang='lat' dir='ltr'>baptisterium,</span> <span class='ocrx_word' id='word_1_425' title='bbox 1513 2144 1560 2185; x_wconf 88' lang='lat' dir='ltr'>sen</span> <span class='ocrx_word' id='word_1_426' title='bbox 1577 2131 1771 2198; x_wconf 72' lang='lat' dir='ltr'>poeaitentiam,</span> 
     </span>
    </p>
   </div>
   <div class='ocr_carea' id='block_1_18' title="bbox 929 2217 1774 2285">
    <p class='ocr_par' dir='ltr' id='par_1_21' title="bbox 929 2217 1774 2285">
     <span class='ocr_line' id='line_1_67' title="bbox 929 2217 1774 2285; baseline 0.002 -12"><span class='ocrx_word' id='word_1_427' title='bbox 929 2261 935 2273; x_wconf 92' lang='lat'>.</span> <span class='ocrx_word' id='word_1_428' title='bbox 988 2226 1035 2271; x_wconf 83' lang='lat' dir='ltr'>aut</span> <span class='ocrx_word' id='word_1_429' title='bbox 1047 2217 1161 2270; x_wconf 87' lang='lat' dir='ltr'>circulos</span> <span class='ocrx_word' id='word_1_430' title='bbox 1172 2231 1314 2281; x_wconf 89' lang='lat' dir='ltr'>annornm,</span> <span class='ocrx_word' id='word_1_431' title='bbox 1329 2219 1386 2272; x_wconf 87' lang='lat' dir='ltr'>sire</span> <span class='ocrx_word' id='word_1_432' title='bbox 1398 2217 1526 2273; x_wconf 89' lang='lat' dir='ltr'>lectiones</span> <span class='ocrx_word' id='word_1_433' title='bbox 1540 2222 1717 2285; x_wconf 71' lang='lat' dir='ltr'>trucistrucis,</span> <span class='ocrx_word' id='word_1_434' title='bbox 1734 2222 1774 2275; x_wconf 89' lang='lat' dir='ltr'>in-</span> 
     </span>
    </p>
   </div>
   <div class='ocr_carea' id='block_1_19' title="bbox 988 2305 1779 2948">
    <p class='ocr_par' dir='ltr' id='par_1_22' title="bbox 988 2305 1779 2830">
     <span class='ocr_line' id='line_1_68' title="bbox 989 2305 1775 2377; baseline 0.01 -20"><span class='ocrx_word' id='word_1_435' title='bbox 989 2307 1072 2376; x_wconf 77' lang='lat' dir='ltr'>telligi</span> <span class='ocrx_word' id='word_1_436' title='bbox 1088 2316 1186 2377; x_wconf 83' lang='lat' dir='ltr'>potest.</span> <span class='ocrx_word' id='word_1_437' title='bbox 1202 2305 1230 2360; x_wconf 86' lang='lat' dir='ltr'>Si</span> <span class='ocrx_word' id='word_1_438' title='bbox 1244 2308 1303 2377; x_wconf 88' lang='lat' dir='ltr'>quis</span> <span class='ocrx_word' id='word_1_439' title='bbox 1316 2308 1379 2363; x_wconf 82' lang='lat' dir='ltr'>tales</span> <span class='ocrx_word' id='word_1_440' title='bbox 1395 2324 1447 2362; x_wconf 92' lang='lat' dir='ltr'>non</span> <span class='ocrx_word' id='word_1_441' title='bbox 1463 2309 1592 2375; x_wconf 89' lang='lat' dir='ltr'>babuerit,</span> <span class='ocrx_word' id='word_1_442' title='bbox 1608 2312 1642 2364; x_wconf 84' lang='lat' dir='ltr'>alr</span> <span class='ocrx_word' id='word_1_443' title='bbox 1657 2311 1775 2366; x_wconf 78' lang='lat' dir='ltr'>Ecclesia</span> 
     </span>
     <span class='ocr_line' id='line_1_69' title="bbox 989 2397 1777 2470; baseline 0.008 -18"><span class='ocrx_word' id='word_1_444' title='bbox 989 2397 1160 2466; x_wconf 78' lang='lat' dir='ltr'>degradetur,</span> <span class='ocrx_word' id='word_1_445' title='bbox 1178 2399 1240 2467; x_wconf 90' lang='lat' dir='ltr'>quia</span> <span class='ocrx_word' id='word_1_446' title='bbox 1261 2399 1286 2452; x_wconf 90' lang='lat' dir='ltr'>in</span> <span class='ocrx_word' id='word_1_447' title='bbox 1302 2400 1348 2454; x_wconf 92' lang='lat' dir='ltr'>ilio</span> <span class='ocrx_word' id='word_1_448' title='bbox 1361 2401 1509 2469; x_wconf 90' lang='lat' dir='ltr'>completur</span> <span class='ocrx_word' id='word_1_449' title='bbox 1520 2401 1589 2470; x_wconf 90' lang='lat' dir='ltr'>quod</span> <span class='ocrx_word' id='word_1_450' title='bbox 1604 2402 1629 2455; x_wconf 90' lang='lat' dir='ltr'>in</span> <span class='ocrx_word' id='word_1_451' title='bbox 1646 2403 1722 2457; x_wconf 89' lang='lat' dir='ltr'>libris</span> <span class='ocrx_word' id='word_1_452' title='bbox 1737 2403 1777 2458; x_wconf 88' lang='lat' dir='ltr'>lc-</span> 
     </span>
     <span class='ocr_line' id='line_1_70' title="bbox 988 2488 1776 2567; baseline 0.01 -25"><span class='ocrx_word' id='word_1_453' title='bbox 988 2488 1059 2560; x_wconf 76' lang='lat' dir='ltr'>gitur</span> <span class='ocrx_word' id='word_1_454' title='bbox 1075 2489 1176 2543; x_wconf 82' lang='lat' dir='ltr'>:Curres</span> <span class='ocrx_word' id='word_1_455' title='bbox 1192 2491 1256 2543; x_wconf 86' lang='lat' dir='ltr'>oruti</span> <span class='ocrx_word' id='word_1_456' title='bbox 1273 2507 1323 2544; x_wconf 89' lang='lat' dir='ltr'>trort</span> <span class='ocrx_word' id='word_1_457' title='bbox 1338 2501 1441 2561; x_wconf 81' lang='lat' dir='ltr'>possunt</span> <span class='ocrx_word' id='word_1_458' title='bbox 1461 2493 1556 2546; x_wconf 88' lang='lat' dir='ltr'>lotrcre</span> <span class='ocrx_word' id='word_1_459' title='bbox 1569 2493 1705 2562; x_wconf 74' lang='lat' dir='ltr'>(trctari,</span> <span class='ocrx_word' id='word_1_460' title='bbox 1720 2493 1776 2567; x_wconf 79' lang='lat' dir='ltr'>tu).</span> 
     </span>
     <span class='ocr_line' id='line_1_71' title="bbox 991 2580 1775 2654; baseline 0.009 -20"><span class='ocrx_word' id='word_1_461' title='bbox 991 2580 1022 2634; x_wconf 92' lang='lat' dir='ltr'>lli</span> <span class='ocrx_word' id='word_1_462' title='bbox 1046 2590 1107 2635; x_wconf 87' lang='lat' dir='ltr'>surrt</span> <span class='ocrx_word' id='word_1_463' title='bbox 1125 2581 1187 2635; x_wconf 87' lang='lat' dir='ltr'>maii</span> <span class='ocrx_word' id='word_1_464' title='bbox 1209 2582 1357 2652; x_wconf 78' lang='lat' dir='ltr'>presbyteri</span> <span class='ocrx_word' id='word_1_465' title='bbox 1378 2583 1423 2651; x_wconf 91' lang='lat' dir='ltr'>qni</span> <span class='ocrx_word' id='word_1_466' title='bbox 1444 2584 1634 2653; x_wconf 86' lang='lat' dir='ltr'>concupiscunt</span> <span class='ocrx_word' id='word_1_467' title='bbox 1653 2588 1775 2654; x_wconf 84' lang='lat' dir='ltr'>accipere</span> 
     </span>
     <span class='ocr_line' id='line_1_72' title="bbox 991 2670 1779 2746; baseline 0.014 -25"><span class='ocrx_word' id='word_1_468' title='bbox 991 2670 1123 2739; x_wconf 86' lang='lat' dir='ltr'>pastorale</span> <span class='ocrx_word' id='word_1_469' title='bbox 1138 2671 1315 2726; x_wconf 86' lang='lat' dir='ltr'>rnirtisterium</span> <span class='ocrx_word' id='word_1_470' title='bbox 1332 2672 1477 2738; x_wconf 76' lang='lat' dir='ltr'>Ecclesiae,</span> <span class='ocrx_word' id='word_1_471' title='bbox 1498 2689 1548 2731; x_wconf 92' lang='lat' dir='ltr'>nec</span> <span class='ocrx_word' id='word_1_472' title='bbox 1563 2685 1650 2731; x_wconf 87' lang='lat' dir='ltr'>taruco</span> <span class='ocrx_word' id='word_1_473' title='bbox 1667 2688 1779 2746; x_wconf 84' lang='lat' dir='ltr'>possunt</span> 
     </span>
     <span class='ocr_line' id='line_1_73' title="bbox 989 2759 1332 2830; baseline 0.012 -18"><span class='ocrx_word' id='word_1_474' title='bbox 989 2759 1023 2813; x_wconf 87' lang='lat' dir='ltr'>ad</span> <span class='ocrx_word' id='word_1_475' title='bbox 1037 2761 1162 2829; x_wconf 83' lang='lat' dir='ltr'>populum</span> <span class='ocrx_word' id='word_1_476' title='bbox 1177 2763 1332 2830; x_wconf 74' lang='lat' dir='ltr'>predicare.</span> 
     </span>
    </p>

    <p class='ocr_par' dir='ltr' id='par_1_23' title="bbox 989 2874 1778 2948">
     <span class='ocr_line' id='line_1_74' title="bbox 989 2874 1778 2948; baseline 0.011 -19"><span class='ocrx_word' id='word_1_477' title='bbox 989 2874 1078 2930; x_wconf 76' lang='lat' dir='ltr'>Garun</span> <span class='ocrx_word' id='word_1_478' title='bbox 1094 2874 1278 2930; x_wconf 65' lang='lat' dir='ltr'>lxxta-tie</span> <span class='ocrx_word' id='word_1_479' title='bbox 1292 2892 1342 2931; x_wconf 89' lang='lat' dir='ltr'>non</span> <span class='ocrx_word' id='word_1_480' title='bbox 1359 2880 1526 2948; x_wconf 86' lang='lat' dir='ltr'>tttsct&#39;piettdis</span> <span class='ocrx_word' id='word_1_481' title='bbox 1537 2881 1639 2935; x_wconf 84' lang='lat' dir='ltr'>ulterius</span> <span class='ocrx_word' id='word_1_482' title='bbox 1654 2879 1778 2938; x_wconf 74' lang='lat' dir='ltr'>Ecclesiae</span> 
     </span>
    </p>
   </div>
   <div class='ocr_carea' id='block_1_20' title="bbox 1025 2946 1779 3079">
    <p class='ocr_par' dir='ltr' id='par_1_24' title="bbox 1025 2946 1779 3079">
     <span class='ocr_line' id='line_1_75' title="bbox 1025 2946 1779 3020; baseline 0.009 -22"><span class='ocrx_word' id='word_1_483' title='bbox 1025 2946 1134 3010; x_wconf 80' lang='lat' dir='ltr'>clericis,</span> <span class='ocrx_word' id='word_1_484' title='bbox 1157 2955 1181 3001; x_wconf 83' lang='lat' dir='ltr'>ci</span> <span class='ocrx_word' id='word_1_485' title='bbox 1204 2946 1238 3001; x_wconf 83' lang='lat' dir='ltr'>tls</span> <span class='ocrx_word' id='word_1_486' title='bbox 1255 2949 1442 3018; x_wconf 76' lang='lat' dir='ltr'>susceptoribus</span> <span class='ocrx_word' id='word_1_487' title='bbox 1465 2967 1553 3003; x_wconf 77' lang='lat' dir='ltr'>sortem</span> <span class='ocrx_word' id='word_1_488' title='bbox 1577 2955 1668 3020; x_wconf 85' lang='lat' dir='ltr'>absque</span> <span class='ocrx_word' id='word_1_489' title='bbox 1687 2954 1779 3007; x_wconf 83' lang='lat' dir='ltr'>litteris</span> 
     </span>
     <span class='ocr_line' id='line_1_76' title="bbox 1025 3016 1776 3079; baseline 0.008 -9"><span class='ocrx_word' id='word_1_490' title='bbox 1025 3016 1255 3079; x_wconf 83' lang='lat' dir='ltr'>corrameoriatitiis,</span> <span class='ocrx_word' id='word_1_491' title='bbox 1271 3019 1310 3072; x_wconf 88' lang='lat' dir='ltr'>oei</span> <span class='ocrx_word' id='word_1_492' title='bbox 1323 3021 1428 3074; x_wconf 85' lang='lat' dir='ltr'>testibus</span> <span class='ocrx_word' id='word_1_493' title='bbox 1443 3036 1459 3073; x_wconf 83' lang='lat' dir='ltr'>o</span> <span class='ocrx_word' id='word_1_494' title='bbox 1474 3020 1572 3075; x_wconf 84' lang='lat' dir='ltr'>clericis</span> <span class='ocrx_word' id='word_1_495' title='bbox 1586 3023 1612 3075; x_wconf 86' lang='lat' dir='ltr'>io</span> <span class='ocrx_word' id='word_1_496' title='bbox 1624 3024 1711 3076; x_wconf 77' lang='lat' dir='ltr'>coelem</span> <span class='ocrx_word' id='word_1_497' title='bbox 1724 3021 1776 3076; x_wconf 83' lang='lat' dir='ltr'>Ec·</span> 
     </span>
    </p>
   </div>
   <div class='ocr_carea' id='block_1_21' title="bbox 993 3087 1782 4170">
    <p class='ocr_par' dir='ltr' id='par_1_25' title="bbox 1026 3087 1291 3142">
     <span class='ocr_line' id='line_1_77' title="bbox 1026 3087 1291 3142; baseline 0.015 -4"><span class='ocrx_word' id='word_1_498' title='bbox 1026 3087 1103 3141; x_wconf 77' lang='lat' dir='ltr'>clorio</span> <span class='ocrx_word' id='word_1_499' title='bbox 1116 3087 1291 3142; x_wconf 81' lang='lat' dir='ltr'>ortilitontibus.</span> 
     </span>
    </p>

    <p class='ocr_par' dir='ltr' id='par_1_26' title="bbox 993 3200 1782 4170">
     <span class='ocr_line' id='line_1_78' title="bbox 1027 3200 1779 3262; baseline 0.009 -7"><span class='ocrx_word' id='word_1_500' title='bbox 1027 3208 1040 3246; x_wconf 69' lang='grc' dir='ltr'>ι</span> <span class='ocrx_word' id='word_1_501' title='bbox 1054 3200 1112 3255; x_wconf 91' lang='lat' dir='ltr'>iam</span> <span class='ocrx_word' id='word_1_502' title='bbox 1125 3202 1298 3255; x_wconf 89' lang='lat' dir='ltr'>constitutum</span> <span class='ocrx_word' id='word_1_503' title='bbox 1309 3211 1350 3256; x_wconf 87' lang='lat' dir='ltr'>est</span> <span class='ocrx_word' id='word_1_504' title='bbox 1364 3216 1416 3256; x_wconf 91' lang='lat' dir='ltr'>nou</span> <span class='ocrx_word' id='word_1_505' title='bbox 1427 3201 1507 3259; x_wconf 82' lang='lat' dir='ltr'>liceto</span> <span class='ocrx_word' id='word_1_506' title='bbox 1517 3203 1544 3257; x_wconf 90' lang='lat' dir='ltr'>in</span> <span class='ocrx_word' id='word_1_507' title='bbox 1558 3203 1668 3261; x_wconf 87' lang='lat' dir='ltr'>alterius</span> <span class='ocrx_word' id='word_1_508' title='bbox 1682 3205 1779 3262; x_wconf 83' lang='lat' dir='ltr'>cirita·</span> 
     </span>
     <span class='ocr_line' id='line_1_79' title="bbox 993 3290 1778 3361; baseline 0.014 -18"><span class='ocrx_word' id='word_1_509' title='bbox 993 3291 1026 3345; x_wconf 92' lang='lat' dir='ltr'>tis</span> <span class='ocrx_word' id='word_1_510' title='bbox 1041 3290 1171 3351; x_wconf 74' lang='lat' dir='ltr'>Ecclesia,</span> <span class='ocrx_word' id='word_1_511' title='bbox 1189 3293 1230 3346; x_wconf 87' lang='lat' dir='ltr'>rei</span> <span class='ocrx_word' id='word_1_512' title='bbox 1247 3292 1272 3344; x_wconf 93' lang='lat' dir='ltr'>in</span> <span class='ocrx_word' id='word_1_513' title='bbox 1288 3302 1420 3361; x_wconf 88' lang='lat' dir='ltr'>potestate</span> <span class='ocrx_word' id='word_1_514' title='bbox 1433 3295 1559 3350; x_wconf 89' lang='lat' dir='ltr'>laicorum</span> <span class='ocrx_word' id='word_1_515' title='bbox 1575 3295 1688 3351; x_wconf 88' lang='lat' dir='ltr'>clericos</span> <span class='ocrx_word' id='word_1_516' title='bbox 1706 3299 1778 3354; x_wconf 90' lang='lat' dir='ltr'>mili·</span> 
     </span>
     <span class='ocr_line' id='line_1_80' title="bbox 994 3383 1781 3456; baseline 0.011 -18"><span class='ocrx_word' id='word_1_517' title='bbox 994 3395 1067 3451; x_wconf 88' lang='lat' dir='ltr'>tare;</span> <span class='ocrx_word' id='word_1_518' title='bbox 1091 3385 1138 3440; x_wconf 88' lang='lat' dir='ltr'>sed</span> <span class='ocrx_word' id='word_1_519' title='bbox 1154 3383 1252 3438; x_wconf 89' lang='lat' dir='ltr'>ibidem</span> <span class='ocrx_word' id='word_1_520' title='bbox 1271 3398 1428 3451; x_wconf 87' lang='lat' dir='ltr'>pcrntarrere</span> <span class='ocrx_word' id='word_1_521' title='bbox 1445 3386 1470 3437; x_wconf 92' lang='lat' dir='ltr'>in</span> <span class='ocrx_word' id='word_1_522' title='bbox 1485 3401 1561 3454; x_wconf 87' lang='lat' dir='ltr'>quaa</span> <span class='ocrx_word' id='word_1_523' title='bbox 1577 3387 1707 3456; x_wconf 91' lang='lat' dir='ltr'>principio</span> <span class='ocrx_word' id='word_1_524' title='bbox 1720 3406 1781 3447; x_wconf 84' lang='lat' dir='ltr'>mc·</span> 
     </span>
     <span class='ocr_line' id='line_1_81' title="bbox 993 3474 1778 3545; baseline 0.004 -15"><span class='ocrx_word' id='word_1_525' title='bbox 993 3487 1103 3531; x_wconf 88' lang='lat' dir='ltr'>ruerunt</span> <span class='ocrx_word' id='word_1_526' title='bbox 1114 3475 1278 3538; x_wconf 88' lang='lat' dir='ltr'>ministrare;</span> <span class='ocrx_word' id='word_1_527' title='bbox 1293 3483 1434 3528; x_wconf 79' lang='lat' dir='ltr'>extraneos</span> <span class='ocrx_word' id='word_1_528' title='bbox 1445 3474 1499 3540; x_wconf 94' lang='lat' dir='ltr'>qui,</span> <span class='ocrx_word' id='word_1_529' title='bbox 1516 3477 1591 3529; x_wconf 88' lang='lat' dir='ltr'>missi</span> <span class='ocrx_word' id='word_1_530' title='bbox 1604 3490 1619 3529; x_wconf 88' lang='lat' dir='ltr'>s</span> <span class='ocrx_word' id='word_1_531' title='bbox 1636 3481 1731 3545; x_wconf 81' lang='lat' dir='ltr'>patria,</span> <span class='ocrx_word' id='word_1_532' title='bbox 1744 3481 1778 3535; x_wconf 91' lang='lat' dir='ltr'>ad</span> 
     </span>
     <span class='ocr_line' id='line_1_82' title="bbox 993 3565 1780 3639; baseline 0.006 -20"><span class='ocrx_word' id='word_1_533' title='bbox 993 3567 1107 3636; x_wconf 85' lang='lat' dir='ltr'>aliquam</span> <span class='ocrx_word' id='word_1_534' title='bbox 1128 3566 1273 3620; x_wconf 81' lang='lat' dir='ltr'>Ecclesiam</span> <span class='ocrx_word' id='word_1_535' title='bbox 1296 3579 1343 3633; x_wconf 90' lang='lat' dir='ltr'>pro</span> <span class='ocrx_word' id='word_1_536' title='bbox 1358 3565 1518 3618; x_wconf 86' lang='lat' dir='ltr'>necessitate</span> <span class='ocrx_word' id='word_1_537' title='bbox 1529 3568 1652 3620; x_wconf 80' lang='lat' dir='ltr'>venerint</span> <span class='ocrx_word' id='word_1_538' title='bbox 1667 3567 1780 3639; x_wconf 70' lang='lat' dir='ltr'>{absque</span> 
     </span>
     <span class='ocr_line' id='line_1_83' title="bbox 993 3653 1779 3729; baseline 0.006 -20"><span class='ocrx_word' id='word_1_539' title='bbox 993 3657 1104 3726; x_wconf 75' lang='lat' dir='ltr'>signatis</span> <span class='ocrx_word' id='word_1_540' title='bbox 1118 3658 1238 3727; x_wconf 87' lang='lat' dir='ltr'>apicibus</span> <span class='ocrx_word' id='word_1_541' title='bbox 1260 3672 1312 3712; x_wconf 90' lang='lat' dir='ltr'>non</span> <span class='ocrx_word' id='word_1_542' title='bbox 1329 3653 1471 3724; x_wconf 79' lang='lat' dir='ltr'>reciperel.</span> <span class='ocrx_word' id='word_1_543' title='bbox 1489 3656 1539 3722; x_wconf 87' lang='lat' dir='ltr'>Qui</span> <span class='ocrx_word' id='word_1_544' title='bbox 1561 3672 1624 3710; x_wconf 85' lang='lat' dir='ltr'>reru</span> <span class='ocrx_word' id='word_1_545' title='bbox 1640 3661 1779 3729; x_wconf 87' lang='lat' dir='ltr'>episcopo·</span> 
     </span>
     <span class='ocr_line' id='line_1_84' title="bbox 994 3747 1780 3816; baseline 0.003 -13"><span class='ocrx_word' id='word_1_546' title='bbox 994 3765 1065 3814; x_wconf 82' lang='lat' dir='ltr'>rusti,</span> <span class='ocrx_word' id='word_1_547' title='bbox 1081 3759 1125 3802; x_wconf 90' lang='lat' dir='ltr'>aut</span> <span class='ocrx_word' id='word_1_548' title='bbox 1139 3747 1276 3813; x_wconf 87' lang='lat' dir='ltr'>laicorum,</span> <span class='ocrx_word' id='word_1_549' title='bbox 1292 3756 1350 3816; x_wconf 91' lang='lat' dir='ltr'>post</span> <span class='ocrx_word' id='word_1_550' title='bbox 1364 3750 1413 3801; x_wconf 91' lang='lat' dir='ltr'>hoc</span> <span class='ocrx_word' id='word_1_551' title='bbox 1424 3748 1596 3800; x_wconf 89' lang='lat' dir='ltr'>constitutum</span> <span class='ocrx_word' id='word_1_552' title='bbox 1609 3749 1719 3804; x_wconf 89' lang='lat' dir='ltr'>alterins</span> <span class='ocrx_word' id='word_1_553' title='bbox 1732 3751 1780 3805; x_wconf 83' lang='lat' dir='ltr'>Ec·</span> 
     </span>
     <span class='ocr_line' id='line_1_85' title="bbox 994 3838 1782 3908; baseline 0.001 -12"><span class='ocrx_word' id='word_1_554' title='bbox 994 3842 1084 3896; x_wconf 75' lang='lat' dir='ltr'>ciesire</span> <span class='ocrx_word' id='word_1_555' title='bbox 1099 3843 1226 3896; x_wconf 89' lang='lat' dir='ltr'>clericum</span> <span class='ocrx_word' id='word_1_556' title='bbox 1244 3840 1410 3908; x_wconf 81' lang='lat' dir='ltr'>susceperit,</span> <span class='ocrx_word' id='word_1_557' title='bbox 1427 3840 1477 3893; x_wconf 87' lang='lat' dir='ltr'>nisi</span> <span class='ocrx_word' id='word_1_558' title='bbox 1490 3838 1715 3896; x_wconf 84' lang='lat' dir='ltr'>adescusantium</span> <span class='ocrx_word' id='word_1_559' title='bbox 1736 3858 1782 3897; x_wconf 83' lang='lat' dir='ltr'>rs·</span> 
     </span>
     <span class='ocr_line' id='line_1_86' title="bbox 995 3931 1780 4001; baseline 0.005 -15"><span class='ocrx_word' id='word_1_560' title='bbox 995 3935 1159 3989; x_wconf 87' lang='lat' dir='ltr'>tiouahiiitcr</span> <span class='ocrx_word' id='word_1_561' title='bbox 1172 3977 1178 3997; x_wconf 87' lang='lat'>,</span> <span class='ocrx_word' id='word_1_562' title='bbox 1195 3933 1293 3998; x_wconf 89' lang='lat' dir='ltr'>placuit</span> <span class='ocrx_word' id='word_1_563' title='bbox 1305 3946 1320 3984; x_wconf 90' lang='lat' dir='ltr'>a</span> <span class='ocrx_word' id='word_1_564' title='bbox 1332 3931 1668 4001; x_wconf 85' lang='lat' dir='ltr'>comrnuuionosuspendi,</span> <span class='ocrx_word' id='word_1_565' title='bbox 1679 3942 1780 3989; x_wconf 86' lang='lat' dir='ltr'>etcum</span> 
     </span>
     <span class='ocr_line' id='line_1_87' title="bbox 994 4022 1781 4094; baseline 0.001 -14"><span class='ocrx_word' id='word_1_566' title='bbox 994 4027 1039 4094; x_wconf 92' lang='lat' dir='ltr'>qui</span> <span class='ocrx_word' id='word_1_567' title='bbox 1052 4024 1172 4094; x_wconf 80' lang='lat' dir='ltr'>suscipit,</span> <span class='ocrx_word' id='word_1_568' title='bbox 1185 4033 1282 4078; x_wconf 87' lang='lat' dir='ltr'>etcum</span> <span class='ocrx_word' id='word_1_569' title='bbox 1296 4022 1341 4091; x_wconf 93' lang='lat' dir='ltr'>qui</span> <span class='ocrx_word' id='word_1_570' title='bbox 1356 4031 1495 4091; x_wconf 85' lang='lat' dir='ltr'>susceptus</span> <span class='ocrx_word' id='word_1_571' title='bbox 1507 4030 1560 4089; x_wconf 82' lang='lat' dir='ltr'>cst,</span> <span class='ocrx_word' id='word_1_572' title='bbox 1573 4037 1712 4093; x_wconf 87' lang='lat' dir='ltr'>quousque</span> <span class='ocrx_word' id='word_1_573' title='bbox 1726 4028 1781 4081; x_wconf 85' lang='lat' dir='ltr'>ele·</span> 
     </span>
     <span class='ocr_line' id='line_1_88' title="bbox 995 4111 1598 4170; baseline -0.01 0"><span class='ocrx_word' id='word_1_574' title='bbox 995 4117 1078 4170; x_wconf 77' lang='lat' dir='ltr'>metim</span> <span class='ocrx_word' id='word_1_575' title='bbox 1092 4115 1126 4168; x_wconf 83' lang='lat' dir='ltr'>ari</span> <span class='ocrx_word' id='word_1_576' title='bbox 1140 4128 1216 4167; x_wconf 85' lang='lat' dir='ltr'>stram</span> <span class='ocrx_word' id='word_1_577' title='bbox 1227 4112 1318 4168; x_wconf 90' lang='lat' dir='ltr'>lecerit</span> <span class='ocrx_word' id='word_1_578' title='bbox 1330 4111 1425 4165; x_wconf 84' lang='lat' dir='ltr'>reverti</span> <span class='ocrx_word' id='word_1_579' title='bbox 1442 4111 1598 4167; x_wconf 80' lang='lat' dir='ltr'>Ecclesiam.</span> 
     </span>
    </p>
   </div>
   <div class='ocr_carea' id='block_1_22' title="bbox 994 4199 1783 4342">
    <p class='ocr_par' dir='ltr' id='par_1_27' title="bbox 994 4199 1783 4342">
     <span class='ocr_line' id='line_1_89' title="bbox 994 4199 1783 4271; baseline -0.003 -9"><span class='ocrx_word' id='word_1_580' title='bbox 994 4206 1084 4262; x_wconf 76' lang='lat' dir='ltr'>eaeor</span> <span class='ocrx_word' id='word_1_581' title='bbox 1108 4203 1226 4259; x_wconf 83' lang='lat' dir='ltr'>Llllllll.</span> <span class='ocrx_word' id='word_1_582' title='bbox 1248 4231 1283 4243; x_wconf 89' lang='lat'>-</span> <span class='ocrx_word' id='word_1_583' title='bbox 1305 4199 1423 4271; x_wconf 81' lang='lat' dir='ltr'>Epistola</span> <span class='ocrx_word' id='word_1_584' title='bbox 1442 4203 1577 4256; x_wconf 83' lang='lat' dir='ltr'>ctr&#39;ttsdoot</span> <span class='ocrx_word' id='word_1_585' title='bbox 1599 4202 1731 4268; x_wconf 80' lang='lat' dir='ltr'>Deicolot,</span> <span class='ocrx_word' id='word_1_586' title='bbox 1756 4207 1783 4260; x_wconf 88' lang='lat' dir='ltr'>itt</span> 
     </span>
     <span class='ocr_line' id='line_1_90' title="bbox 1030 4274 1783 4342; baseline 0.004 -15"><span class='ocrx_word' id='word_1_587' title='bbox 1030 4275 1124 4328; x_wconf 77' lang='lat' dir='ltr'>Christi</span> <span class='ocrx_word' id='word_1_588' title='bbox 1141 4275 1242 4327; x_wconf 78' lang='lat' dir='ltr'>nocerino</span> <span class='ocrx_word' id='word_1_589' title='bbox 1255 4274 1331 4326; x_wconf 82' lang='lat' dir='ltr'>otioso</span> <span class='ocrx_word' id='word_1_590' title='bbox 1343 4275 1376 4326; x_wconf 86' lang='lat' dir='ltr'>od</span> <span class='ocrx_word' id='word_1_591' title='bbox 1389 4287 1460 4326; x_wconf 80' lang='lat' dir='ltr'>socer</span> <span class='ocrx_word' id='word_1_592' title='bbox 1479 4283 1532 4327; x_wconf 82' lang='lat' dir='ltr'>otes</span> <span class='ocrx_word' id='word_1_593' title='bbox 1545 4285 1569 4327; x_wconf 85' lang='lat' dir='ltr'>et</span> <span class='ocrx_word' id='word_1_594' title='bbox 1582 4276 1697 4339; x_wconf 84' lang='lat' dir='ltr'>ciericos,</span> <span class='ocrx_word' id='word_1_595' title='bbox 1713 4292 1783 4342; x_wconf 84' lang='lat' dir='ltr'>prce·</span> 
     </span>
    </p>
   </div>
   <div class='ocr_carea' id='block_1_23' title="bbox 154 4342 1727 4432">
    <p class='ocr_par' dir='ltr' id='par_1_28' title="bbox 154 4342 1727 4432">
     <span class='ocr_line' id='line_1_91' title="bbox 154 4342 1727 4432; baseline 0.003 -36"><span class='ocrx_word' id='word_1_596' title='bbox 154 4344 242 4396; x_wconf 80' lang='lat' dir='ltr'>Creon</span> <span class='ocrx_word' id='word_1_597' title='bbox 270 4342 448 4397; x_wconf 54' lang='lat' dir='ltr'>taxxill.-</span> <span class='ocrx_word' id='word_1_598' title='bbox 468 4343 505 4397; x_wconf 84' lang='lat' dir='ltr'>Dc</span> <span class='ocrx_word' id='word_1_599' title='bbox 529 4345 581 4399; x_wconf 86' lang='lat' dir='ltr'>illis</span> <span class='ocrx_word' id='word_1_600' title='bbox 607 4347 651 4415; x_wconf 89' lang='lat' dir='ltr'>qui</span> <span class='ocrx_word' id='word_1_601' title='bbox 672 4345 720 4399; x_wconf 88' lang='lat' dir='ltr'>soli</span> <span class='ocrx_word' id='word_1_602' title='bbox 744 4346 833 4401; x_wconf 82' lang='lat' dir='ltr'>missos</span> <span class='ocrx_word' id='word_1_603' title='bbox 853 4358 942 4401; x_wconf 87' lang='lat' dir='ltr'>corrtro</span> <span class='ocrx_word' id='word_1_604' title='bbox 1030 4343 1164 4399; x_wconf 85' lang='lat' dir='ltr'>dicotioois</span> <span class='ocrx_word' id='word_1_605' title='bbox 1179 4351 1253 4432; x_wconf 69' lang='lat' dir='ltr'>qtqnc</span> <span class='ocrx_word' id='word_1_606' title='bbox 1267 4342 1442 4397; x_wconf 80' lang='lat' dir='ltr'>instructionis</span> <span class='ocrx_word' id='word_1_607' title='bbox 1454 4359 1533 4396; x_wconf 87' lang='lat' dir='ltr'>consu</span> <span class='ocrx_word' id='word_1_608' title='bbox 1546 4344 1608 4413; x_wconf 80' lang='lat' dir='ltr'>ipsis</span> <span class='ocrx_word' id='word_1_609' title='bbox 1622 4345 1727 4401; x_wconf 85' lang='lat' dir='ltr'>directa.</span> 
     </span>
    </p>
   </div>
   <div class='ocr_carea' id='block_1_24' title="bbox 134 4415 947 5407">
    <p class='ocr_par' dir='ltr' id='par_1_29' title="bbox 235 4415 856 4483">
     <span class='ocr_line' id='line_1_92' title="bbox 235 4415 856 4483; baseline 0.008 -18"><span class='ocrx_word' id='word_1_610' title='bbox 235 4415 383 4466; x_wconf 82' lang='lat' dir='ltr'>cunotrieunt</span> <span class='ocrx_word' id='word_1_611' title='bbox 397 4417 574 4468; x_wconf 86' lang='lat' dir='ltr'>attctot·t&#39;tutem</span> <span class='ocrx_word' id='word_1_612' title='bbox 588 4431 677 4469; x_wconf 85' lang='lat' dir='ltr'>ccosrc</span> <span class='ocrx_word' id='word_1_613' title='bbox 688 4427 856 4483; x_wconf 71' lang='lat' dir='ltr'>presumunt.</span> 
     </span>
    </p>

    <p class='ocr_par' dir='ltr' id='par_1_30' title="bbox 155 4501 947 5302">
     <span class='ocr_line' id='line_1_93' title="bbox 190 4501 942 4572; baseline 0.005 -17"><span class='ocrx_word' id='word_1_614' title='bbox 190 4502 203 4537; x_wconf 64' lang='grc' dir='ltr'>ι</span> <span class='ocrx_word' id='word_1_615' title='bbox 220 4501 353 4555; x_wconf 85' lang='lat' dir='ltr'>Statntnm</span> <span class='ocrx_word' id='word_1_616' title='bbox 366 4512 407 4555; x_wconf 87' lang='lat' dir='ltr'>est</span> <span class='ocrx_word' id='word_1_617' title='bbox 417 4512 446 4556; x_wconf 91' lang='grc' dir='ltr'>ιιι</span> <span class='ocrx_word' id='word_1_618' title='bbox 460 4503 548 4556; x_wconf 89' lang='lat' dir='ltr'>nuilus</span> <span class='ocrx_word' id='word_1_619' title='bbox 563 4505 777 4572; x_wconf 67' lang='lat' dir='ltr'>presbyterorum</span> <span class='ocrx_word' id='word_1_620' title='bbox 790 4506 863 4559; x_wconf 87' lang='lat' dir='ltr'>solus</span> <span class='ocrx_word' id='word_1_621' title='bbox 879 4505 942 4559; x_wconf 88' lang='lat' dir='ltr'>ruis·</span> 
     </span>
     <span class='ocr_line' id='line_1_94' title="bbox 157 4594 942 4664; baseline 0.001 -17"><span class='ocrx_word' id='word_1_622' title='bbox 157 4606 213 4647; x_wconf 85' lang='lat' dir='ltr'>satn</span> <span class='ocrx_word' id='word_1_623' title='bbox 237 4595 374 4647; x_wconf 85' lang='lat' dir='ltr'>celebrare</span> <span class='ocrx_word' id='word_1_624' title='bbox 398 4606 553 4663; x_wconf 64' lang='lat' dir='ltr'>praesumat,</span> <span class='ocrx_word' id='word_1_625' title='bbox 579 4597 639 4664; x_wconf 87' lang='lat' dir='ltr'>qnia</span> <span class='ocrx_word' id='word_1_626' title='bbox 663 4609 714 4648; x_wconf 87' lang='lat' dir='ltr'>nec</span> <span class='ocrx_word' id='word_1_627' title='bbox 738 4595 818 4649; x_wconf 87' lang='lat' dir='ltr'>rerlra</span> <span class='ocrx_word' id='word_1_628' title='bbox 838 4594 942 4649; x_wconf 83' lang='lat' dir='ltr'>Deretini</span> 
     </span>
     <span class='ocr_line' id='line_1_95' title="bbox 156 4683 944 4755; baseline -0.001 -16"><span class='ocrx_word' id='word_1_629' title='bbox 156 4683 315 4749; x_wconf 83' lang='lat' dir='ltr'>Salinatoris,</span> <span class='ocrx_word' id='word_1_630' title='bbox 328 4685 424 4752; x_wconf 84' lang='lat' dir='ltr'>quibus</span> <span class='ocrx_word' id='word_1_631' title='bbox 436 4687 563 4755; x_wconf 83' lang='lat' dir='ltr'>mysteria</span> <span class='ocrx_word' id='word_1_632' title='bbox 577 4687 698 4752; x_wconf 87' lang='lat' dir='ltr'>corporis</span> <span class='ocrx_word' id='word_1_633' title='bbox 713 4693 739 4738; x_wconf 89' lang='lat' dir='ltr'>et</span> <span class='ocrx_word' id='word_1_634' title='bbox 754 4686 890 4753; x_wconf 80' lang='lat' dir='ltr'>sanqrrinis</span> <span class='ocrx_word' id='word_1_635' title='bbox 902 4685 944 4739; x_wconf 91' lang='lat' dir='ltr'>sui</span> 
     </span>
     <span class='ocr_line' id='line_1_96' title="bbox 157 4774 945 4844; baseline -0.001 -15"><span class='ocrx_word' id='word_1_636' title='bbox 157 4774 294 4844; x_wconf 88' lang='lat' dir='ltr'>discipulis</span> <span class='ocrx_word' id='word_1_637' title='bbox 308 4776 468 4830; x_wconf 89' lang='lat' dir='ltr'>celebranda</span> <span class='ocrx_word' id='word_1_638' title='bbox 485 4777 603 4838; x_wconf 89' lang='lat' dir='ltr'>tradidit,</span> <span class='ocrx_word' id='word_1_639' title='bbox 620 4792 669 4829; x_wconf 86' lang='lat' dir='ltr'>ner</span> <span class='ocrx_word' id='word_1_640' title='bbox 680 4776 793 4844; x_wconf 77' lang='lat' dir='ltr'>superstoli</span> <span class='ocrx_word' id='word_1_641' title='bbox 809 4775 882 4829; x_wconf 86' lang='lat' dir='ltr'>l¹auli</span> <span class='ocrx_word' id='word_1_642' title='bbox 897 4777 945 4829; x_wconf 91' lang='lat' dir='ltr'>do·</span> 
     </span>
     <span class='ocr_line' id='line_1_97' title="bbox 155 4864 943 4935; baseline -0.009 -11"><span class='ocrx_word' id='word_1_643' title='bbox 155 4881 276 4924; x_wconf 80' lang='lat' dir='ltr'>crementa</span> <span class='ocrx_word' id='word_1_644' title='bbox 289 4871 437 4935; x_wconf 86' lang='lat' dir='ltr'>declarant,</span> <span class='ocrx_word' id='word_1_645' title='bbox 452 4882 500 4920; x_wconf 92' lang='lat' dir='ltr'>nec</span> <span class='ocrx_word' id='word_1_646' title='bbox 513 4867 615 4931; x_wconf 76' lang='lat' dir='ltr'>lirinus</span> <span class='ocrx_word' id='word_1_647' title='bbox 628 4864 943 4934; x_wconf 69' lang='lat' dir='ltr'>hiatibusspostolorum</span> 
     </span>
     <span class='ocr_line' id='line_1_98' title="bbox 156 4957 947 5027; baseline -0.005 -12"><span class='ocrx_word' id='word_1_648' title='bbox 156 4960 179 5015; x_wconf 89' lang='lat' dir='ltr'>si</span> <span class='ocrx_word' id='word_1_649' title='bbox 192 4959 352 5014; x_wconf 86' lang='lat' dir='ltr'>enucleatim</span> <span class='ocrx_word' id='word_1_650' title='bbox 366 4962 495 5027; x_wconf 77' lang='lat' dir='ltr'>legantur,</span> <span class='ocrx_word' id='word_1_651' title='bbox 513 4960 547 5011; x_wconf 89' lang='grc' dir='ltr'>ιιι</span> <span class='ocrx_word' id='word_1_652' title='bbox 562 4957 617 5012; x_wconf 90' lang='lat' dir='ltr'>lieri</span> <span class='ocrx_word' id='word_1_653' title='bbox 631 4958 729 5013; x_wconf 80' lang='lat' dir='ltr'>debere</span> <span class='ocrx_word' id='word_1_654' title='bbox 744 4957 891 5011; x_wconf 88' lang='lat' dir='ltr'>ullomodo</span> <span class='ocrx_word' id='word_1_655' title='bbox 906 4959 947 5012; x_wconf 90' lang='lat' dir='ltr'>in·</span> 
     </span>
     <span class='ocr_line' id='line_1_99' title="bbox 157 5050 944 5118; baseline 0.001 -17"><span class='ocrx_word' id='word_1_656' title='bbox 157 5052 272 5105; x_wconf 76' lang='lat' dir='ltr'>venitur.</span> <span class='ocrx_word' id='word_1_657' title='bbox 298 5051 394 5104; x_wconf 70' lang='lat' dir='ltr'>‘Num</span> <span class='ocrx_word' id='word_1_658' title='bbox 410 5052 460 5103; x_wconf 91' lang='lat' dir='ltr'>etsi</span> <span class='ocrx_word' id='word_1_659' title='bbox 484 5050 670 5117; x_wconf 77' lang='lat' dir='ltr'>interrogatus,</span> <span class='ocrx_word' id='word_1_660' title='bbox 696 5058 742 5103; x_wconf 90' lang='lat' dir='ltr'>aut</span> <span class='ocrx_word' id='word_1_661' title='bbox 767 5059 944 5118; x_wconf 89' lang='lat' dir='ltr'>contemptus,</span> 
     </span>
     <span class='ocr_line' id='line_1_100' title="bbox 157 5141 946 5212; baseline 0.003 -18"><span class='ocrx_word' id='word_1_662' title='bbox 157 5141 308 5212; x_wconf 76' lang='lat' dir='ltr'>hrrirrsmodi</span> <span class='ocrx_word' id='word_1_663' title='bbox 330 5143 450 5209; x_wconf 88' lang='lat' dir='ltr'>corporis</span> <span class='ocrx_word' id='word_1_664' title='bbox 469 5152 495 5195; x_wconf 90' lang='lat' dir='ltr'>et</span> <span class='ocrx_word' id='word_1_665' title='bbox 516 5142 652 5210; x_wconf 83' lang='lat' dir='ltr'>sanguinis</span> <span class='ocrx_word' id='word_1_666' title='bbox 680 5141 784 5196; x_wconf 83' lang='lat' dir='ltr'>bortrini</span> <span class='ocrx_word' id='word_1_667' title='bbox 808 5142 946 5197; x_wconf 87' lang='lat' dir='ltr'>solitarius</span> 
     </span>
     <span class='ocr_line' id='line_1_101' title="bbox 156 5232 946 5302; baseline -0.003 -15"><span class='ocrx_word' id='word_1_668' title='bbox 156 5245 328 5288; x_wconf 73' lang='lat' dir='ltr'>corrserrertor</span> <span class='ocrx_word' id='word_1_669' title='bbox 342 5232 421 5287; x_wconf 74' lang='lat' dir='ltr'>leserit</span> <span class='ocrx_word' id='word_1_670' title='bbox 435 5275 441 5296; x_wconf 85' lang='lat'>,</span> <span class='ocrx_word' id='word_1_671' title='bbox 457 5233 520 5302; x_wconf 79' lang='lat' dir='ltr'>quial</span> <span class='ocrx_word' id='word_1_672' title='bbox 533 5233 696 5301; x_wconf 86' lang='lat' dir='ltr'>respondere</span> <span class='ocrx_word' id='word_1_673' title='bbox 709 5233 829 5300; x_wconf 81' lang='lat' dir='ltr'>poterit?</span> <span class='ocrx_word' id='word_1_674' title='bbox 844 5234 946 5298; x_wconf 82' lang='lat' dir='ltr'>Quibus</span> 
     </span>
    </p>

    <p class='ocr_par' dir='ltr' id='par_1_31' title="bbox 134 5324 947 5407">
     <span class='ocr_line' id='line_1_102' title="bbox 134 5324 947 5407; baseline 0 -30"><span class='ocrx_word' id='word_1_675' title='bbox 134 5398 138 5407; x_wconf 28' lang='grc' dir='ltr'>Ι</span> <span class='ocrx_word' id='word_1_676' title='bbox 157 5326 226 5377; x_wconf 79' lang='lat' dir='ltr'>enim</span> <span class='ocrx_word' id='word_1_677' title='bbox 239 5325 303 5378; x_wconf 86' lang='lat' dir='ltr'>dicit</span> <span class='ocrx_word' id='word_1_678' title='bbox 320 5343 325 5354; x_wconf 94' lang='lat'><em>·</em></span> <span class='ocrx_word' id='word_1_679' title='bbox 342 5324 470 5377; x_wconf 74' lang='lat' dir='ltr'>deuotione</span> <span class='ocrx_word' id='word_1_680' title='bbox 482 5324 623 5388; x_wconf 83' lang='lat' dir='ltr'>soliorum,</span> <span class='ocrx_word' id='word_1_681' title='bbox 638 5336 682 5376; x_wconf 91' lang='lat' dir='ltr'>aut</span> <span class='ocrx_word' id='word_1_682' title='bbox 697 5342 711 5376; x_wconf 89' lang='lat' dir='ltr'>a</span> <span class='ocrx_word' id='word_1_683' title='bbox 724 5339 777 5392; x_wconf 88' lang='lat' dir='ltr'>quo</span> <span class='ocrx_word' id='word_1_684' title='bbox 790 5324 825 5376; x_wconf 89' lang='lat' dir='ltr'>illi</span> <span class='ocrx_word' id='word_1_685' title='bbox 841 5337 947 5392; x_wconf 81' lang='lat' dir='ltr'>respon</span> 
     </span>
    </p>
   </div>
   <div class='ocr_carea' id='block_1_25' title="bbox 194 5474 774 5750">
    <p class='ocr_par' dir='ltr' id='par_1_32' title="bbox 194 5474 551 5543">
     <span class='ocr_line' id='line_1_103' title="bbox 194 5474 551 5543; baseline 0.003 -13"><span class='ocrx_word' id='word_1_686' title='bbox 194 5474 320 5531; x_wconf 69' lang='lat' dir='ltr'>*Corruit</span> <span class='ocrx_word' id='word_1_687' title='bbox 335 5477 454 5543; x_wconf 70' lang='lat' dir='ltr'>Laudic,</span> <span class='ocrx_word' id='word_1_688' title='bbox 468 5491 493 5533; x_wconf 81' lang='lat' dir='ltr'>c.</span> <span class='ocrx_word' id='word_1_689' title='bbox 506 5477 551 5534; x_wconf 76' lang='lat'>58.</span> 
     </span>
    </p>

    <p class='ocr_par' dir='ltr' id='par_1_33' title="bbox 196 5543 491 5617">
     <span class='ocr_line' id='line_1_104' title="bbox 196 5543 491 5617; baseline 0.017 -22"><span class='ocrx_word' id='word_1_690' title='bbox 196 5543 209 5582; x_wconf 85' lang='lat' dir='ltr'>t·</span> <span class='ocrx_word' id='word_1_691' title='bbox 222 5547 346 5617; x_wconf 74' lang='lat' dir='ltr'>ilurthag.</span> <span class='ocrx_word' id='word_1_692' title='bbox 360 5562 396 5611; x_wconf 84' lang='lat' dir='ltr'>tu,</span> <span class='ocrx_word' id='word_1_693' title='bbox 410 5563 435 5601; x_wconf 89' lang='lat' dir='ltr'>c.</span> <span class='ocrx_word' id='word_1_694' title='bbox 448 5547 491 5603; x_wconf 70' lang='lat' dir='ltr'>ti.</span> 
     </span>
    </p>

    <p class='ocr_par' dir='ltr' id='par_1_34' title="bbox 195 5617 774 5750">
     <span class='ocr_line' id='line_1_105' title="bbox 196 5617 774 5689; baseline 0.007 -21"><span class='ocrx_word' id='word_1_695' title='bbox 196 5626 208 5653; x_wconf 72' lang='lat'>⁶</span> <span class='ocrx_word' id='word_1_696' title='bbox 225 5617 342 5679; x_wconf 77' lang='lat' dir='ltr'>bobert..</span> <span class='ocrx_word' id='word_1_697' title='bbox 356 5617 468 5671; x_wconf 76' lang='lat' dir='ltr'>Eluuue.</span> <span class='ocrx_word' id='word_1_698' title='bbox 484 5617 612 5689; x_wconf 87' lang='lat' dir='ltr'>arelriep.,</span> <span class='ocrx_word' id='word_1_699' title='bbox 629 5631 736 5687; x_wconf 83' lang='lat' dir='ltr'>excerp.</span> <span class='ocrx_word' id='word_1_700' title='bbox 749 5618 774 5672; x_wconf 83' lang='lat'>5.</span> 
     </span>
     <span class='ocr_line' id='line_1_106' title="bbox 195 5686 489 5750; baseline 0 -10"><span class='ocrx_word' id='word_1_701' title='bbox 195 5688 208 5722; x_wconf 63' lang='grc' dir='ltr'>ι</span> <span class='ocrx_word' id='word_1_702' title='bbox 223 5686 260 5741; x_wconf 81' lang='grc' dir='ltr'>ιιι</span> <span class='ocrx_word' id='word_1_703' title='bbox 274 5687 367 5750; x_wconf 67' lang='lat' dir='ltr'>urens..</span> <span class='ocrx_word' id='word_1_704' title='bbox 384 5690 446 5742; x_wconf 83' lang='lat' dir='ltr'>dist.</span> <span class='ocrx_word' id='word_1_705' title='bbox 465 5691 489 5742; x_wconf 95' lang='lat' dir='ltr'>l.</span> 
     </span>
    </p>
   </div>
   <div class='ocr_carea' id='block_1_26' title="bbox 959 4422 1783 4495">
    <p class='ocr_par' dir='ltr' id='par_1_35' title="bbox 959 4422 1783 4495">
     <span class='ocr_line' id='line_1_107' title="bbox 959 4422 1783 4495; baseline 0.017 -14"><span class='ocrx_word' id='word_1_706' title='bbox 959 4422 983 4481; x_wconf 92' lang='grc' dir='ltr'>Ι)</span> <span class='ocrx_word' id='word_1_707' title='bbox 1035 4433 1216 4489; x_wconf 85' lang='lat' dir='ltr'>Dilectissimis</span> <span class='ocrx_word' id='word_1_708' title='bbox 1250 4434 1434 4488; x_wconf 82' lang='lat' dir='ltr'>sacerdotibus</span> <span class='ocrx_word' id='word_1_709' title='bbox 1468 4432 1650 4491; x_wconf 85' lang='lat' dir='ltr'>Ecclesiamm</span> <span class='ocrx_word' id='word_1_710' title='bbox 1683 4439 1783 4495; x_wconf 81' lang='lat' dir='ltr'>Christi</span> 
     </span>
    </p>
   </div>
   <div class='ocr_carea' id='block_1_27' title="bbox 996 4524 1823 5419">
    <p class='ocr_par' dir='ltr' id='par_1_36' title="bbox 996 4524 1823 5419">
     <span class='ocr_line' id='line_1_108' title="bbox 997 4524 1785 4597; baseline 0.004 -18"><span class='ocrx_word' id='word_1_711' title='bbox 997 4526 1165 4597; x_wconf 74' lang='lat' dir='ltr'>presulibus,</span> <span class='ocrx_word' id='word_1_712' title='bbox 1182 4533 1209 4579; x_wconf 91' lang='lat' dir='ltr'>et</span> <span class='ocrx_word' id='word_1_713' title='bbox 1222 4525 1325 4580; x_wconf 89' lang='lat' dir='ltr'>cunetis</span> <span class='ocrx_word' id='word_1_714' title='bbox 1339 4525 1419 4580; x_wconf 70' lang='lat' dir='ltr'>cleris</span> <span class='ocrx_word' id='word_1_715' title='bbox 1433 4524 1459 4580; x_wconf 89' lang='lat' dir='ltr'>in</span> <span class='ocrx_word' id='word_1_716' title='bbox 1472 4525 1574 4581; x_wconf 88' lang='lat' dir='ltr'>eisdem</span> <span class='ocrx_word' id='word_1_717' title='bbox 1590 4527 1688 4597; x_wconf 92' lang='lat' dir='ltr'>ubique</span> <span class='ocrx_word' id='word_1_718' title='bbox 1701 4539 1729 4582; x_wconf 89' lang='lat' dir='ltr'>ct</span> <span class='ocrx_word' id='word_1_719' title='bbox 1743 4529 1785 4583; x_wconf 82' lang='lat' dir='ltr'>la·</span> 
     </span>
     <span class='ocr_line' id='line_1_109' title="bbox 997 4615 1823 4687; baseline 0.004 -17"><span class='ocrx_word' id='word_1_720' title='bbox 997 4615 1168 4681; x_wconf 74' lang='lat' dir='ltr'>mulantibnS,</span> <span class='ocrx_word' id='word_1_721' title='bbox 1189 4626 1216 4670; x_wconf 86' lang='lat' dir='ltr'>et</span> <span class='ocrx_word' id='word_1_722' title='bbox 1234 4615 1347 4672; x_wconf 86' lang='lat' dir='ltr'>Deieulis</span> <span class='ocrx_word' id='word_1_723' title='bbox 1362 4618 1485 4673; x_wconf 88' lang='lat' dir='ltr'>omttlhus</span> <span class='ocrx_word' id='word_1_724' title='bbox 1508 4619 1534 4671; x_wconf 90' lang='lat' dir='ltr'>in</span> <span class='ocrx_word' id='word_1_725' title='bbox 1557 4628 1639 4672; x_wconf 90' lang='lat' dir='ltr'>totum</span> <span class='ocrx_word' id='word_1_726' title='bbox 1655 4619 1783 4673; x_wconf 79' lang='lat' dir='ltr'>rutundum</span> <span class='ocrx_word' id='word_1_727' title='bbox 1819 4680 1823 4687; x_wconf 47' lang='grc'>,</span> 
     </span>
     <span class='ocr_line' id='line_1_110' title="bbox 996 4707 1785 4780; baseline -0.001 -16"><span class='ocrx_word' id='word_1_728' title='bbox 996 4709 1166 4780; x_wconf 81' lang='lat' dir='ltr'>degentibus,</span> <span class='ocrx_word' id='word_1_729' title='bbox 1181 4719 1307 4764; x_wconf 81' lang='lat' dir='ltr'>uternam</span> <span class='ocrx_word' id='word_1_730' title='bbox 1322 4709 1348 4763; x_wconf 92' lang='lat' dir='ltr'>in</span> <span class='ocrx_word' id='word_1_731' title='bbox 1360 4709 1470 4762; x_wconf 84' lang='lat' dir='ltr'>liomlno</span> <span class='ocrx_word' id='word_1_732' title='bbox 1483 4707 1621 4762; x_wconf 78' lang='lat' dir='ltr'>salvatore</span> <span class='ocrx_word' id='word_1_733' title='bbox 1636 4719 1728 4763; x_wconf 88' lang='lat' dir='ltr'>nostro</span> <span class='ocrx_word' id='word_1_734' title='bbox 1741 4725 1785 4765; x_wconf 85' lang='lat' dir='ltr'>ss·</span> 
     </span>
     <span class='ocr_line' id='line_1_111' title="bbox 997 4796 1784 4869; baseline 0.001 -16"><span class='ocrx_word' id='word_1_735' title='bbox 997 4799 1089 4854; x_wconf 79' lang='lat' dir='ltr'>lurein.</span> <span class='ocrx_word' id='word_1_736' title='bbox 1115 4799 1222 4853; x_wconf 83' lang='lat' dir='ltr'>Noverit</span> <span class='ocrx_word' id='word_1_737' title='bbox 1246 4799 1326 4867; x_wconf 77' lang='lat' dir='ltr'>igitur</span> <span class='ocrx_word' id='word_1_738' title='bbox 1347 4797 1455 4850; x_wconf 91' lang='lat' dir='ltr'>dilectio</span> <span class='ocrx_word' id='word_1_739' title='bbox 1470 4807 1558 4850; x_wconf 88' lang='lat' dir='ltr'>restra</span> <span class='ocrx_word' id='word_1_740' title='bbox 1583 4796 1653 4866; x_wconf 92' lang='lat' dir='ltr'>quod</span> <span class='ocrx_word' id='word_1_741' title='bbox 1677 4814 1784 4869; x_wconf 84' lang='lat' dir='ltr'>semper</span> 
     </span>
     <span class='ocr_line' id='line_1_112' title="bbox 996 4886 1784 4957; baseline 0.004 -12"><span class='ocrx_word' id='word_1_742' title='bbox 996 4893 1126 4947; x_wconf 87' lang='lat' dir='ltr'>sollicitus</span> <span class='ocrx_word' id='word_1_743' title='bbox 1142 4908 1213 4955; x_wconf 70' lang='lat' dir='ltr'>striis,</span> <span class='ocrx_word' id='word_1_744' title='bbox 1229 4899 1255 4944; x_wconf 92' lang='lat' dir='ltr'>et</span> <span class='ocrx_word' id='word_1_745' title='bbox 1271 4889 1346 4943; x_wconf 87' lang='lat' dir='ltr'>vaide</span> <span class='ocrx_word' id='word_1_746' title='bbox 1362 4903 1439 4943; x_wconf 86' lang='lat' dir='ltr'>nosse</span> <span class='ocrx_word' id='word_1_747' title='bbox 1454 4886 1577 4943; x_wconf 87' lang='lat' dir='ltr'>desidero</span> <span class='ocrx_word' id='word_1_748' title='bbox 1590 4890 1624 4943; x_wconf 88' lang='lat' dir='ltr'>de</span> <span class='ocrx_word' id='word_1_749' title='bbox 1636 4890 1736 4957; x_wconf 86' lang='lat' dir='ltr'>salute,</span> <span class='ocrx_word' id='word_1_750' title='bbox 1757 4903 1784 4948; x_wconf 89' lang='lat' dir='ltr'>ct</span> 
     </span>
     <span class='ocr_line' id='line_1_113' title="bbox 997 4978 1784 5047; baseline 0 -8"><span class='ocrx_word' id='word_1_751' title='bbox 997 4988 1119 5047; x_wconf 86' lang='lat' dir='ltr'>sanitate,</span> <span class='ocrx_word' id='word_1_752' title='bbox 1131 4992 1157 5037; x_wconf 88' lang='lat' dir='ltr'>ct</span> <span class='ocrx_word' id='word_1_753' title='bbox 1168 4981 1221 5035; x_wconf 86' lang='lat' dir='ltr'>rite</span> <span class='ocrx_word' id='word_1_754' title='bbox 1234 4989 1331 5034; x_wconf 88' lang='lat' dir='ltr'>restra.</span> <span class='ocrx_word' id='word_1_755' title='bbox 1345 4978 1414 5033; x_wconf 85' lang='lat' dir='ltr'>licus</span> <span class='ocrx_word' id='word_1_756' title='bbox 1430 4990 1518 5033; x_wconf 89' lang='lat' dir='ltr'>autern</span> <span class='ocrx_word' id='word_1_757' title='bbox 1530 4981 1649 5036; x_wconf 85' lang='lat' dir='ltr'>orrtnium</span> <span class='ocrx_word' id='word_1_758' title='bbox 1664 4993 1784 5039; x_wconf 70' lang='lat' dir='ltr'>riostrunt</span> 
     </span>
     <span class='ocr_line' id='line_1_114' title="bbox 996 5069 1783 5146; baseline 0 -17"><span class='ocrx_word' id='word_1_759' title='bbox 996 5087 1170 5143; x_wconf 77' lang='lat' dir='ltr'>uestrumque</span> <span class='ocrx_word' id='word_1_760' title='bbox 1184 5072 1256 5142; x_wconf 91' lang='lat' dir='ltr'>pium</span> <span class='ocrx_word' id='word_1_761' title='bbox 1272 5070 1415 5137; x_wconf 87' lang='lat' dir='ltr'>adimpleat</span> <span class='ocrx_word' id='word_1_762' title='bbox 1430 5069 1594 5126; x_wconf 89' lang='lat' dir='ltr'>desiderium</span> <span class='ocrx_word' id='word_1_763' title='bbox 1610 5072 1637 5127; x_wconf 90' lang='lat' dir='ltr'>in</span> <span class='ocrx_word' id='word_1_764' title='bbox 1649 5074 1783 5146; x_wconf 72' lang='lat' dir='ltr'>glorium,</span> 
     </span>
     <span class='ocr_line' id='line_1_115' title="bbox 1000 5161 1787 5232; baseline -0.001 -11"><span class='ocrx_word' id='word_1_765' title='bbox 1000 5178 1027 5221; x_wconf 88' lang='lat' dir='ltr'>et</span> <span class='ocrx_word' id='word_1_766' title='bbox 1041 5170 1103 5220; x_wconf 75' lang='lat' dir='ltr'>ritae</span> <span class='ocrx_word' id='word_1_767' title='bbox 1122 5172 1222 5218; x_wconf 74' lang='lat' dir='ltr'>settene</span> <span class='ocrx_word' id='word_1_768' title='bbox 1241 5161 1421 5229; x_wconf 86' lang='lat' dir='ltr'>disciplinam.</span> <span class='ocrx_word' id='word_1_769' title='bbox 1443 5161 1512 5232; x_wconf 77' lang='lat' dir='ltr'>Ergo</span> <span class='ocrx_word' id='word_1_770' title='bbox 1524 5178 1583 5217; x_wconf 86' lang='lat' dir='ltr'>cunt</span> <span class='ocrx_word' id='word_1_771' title='bbox 1603 5165 1688 5219; x_wconf 84' lang='lat' dir='ltr'>simus</span> <span class='ocrx_word' id='word_1_772' title='bbox 1701 5165 1787 5221; x_wconf 87' lang='lat' dir='ltr'>domi·</span> 
     </span>
     <span class='ocr_line' id='line_1_116' title="bbox 997 5252 1786 5323; baseline -0.005 -11"><span class='ocrx_word' id='word_1_773' title='bbox 997 5262 1066 5312; x_wconf 78' lang='lat' dir='ltr'>nieae</span> <span class='ocrx_word' id='word_1_774' title='bbox 1082 5255 1169 5323; x_wconf 89' lang='lat' dir='ltr'>plebis</span> <span class='ocrx_word' id='word_1_775' title='bbox 1183 5268 1296 5317; x_wconf 80' lang='lat' dir='ltr'>superna</span> <span class='ocrx_word' id='word_1_776' title='bbox 1312 5252 1485 5309; x_wconf 85' lang='lat' dir='ltr'>miseratione</span> <span class='ocrx_word' id='word_1_777' title='bbox 1500 5266 1625 5321; x_wconf 86' lang='lat' dir='ltr'>rectores,</span> <span class='ocrx_word' id='word_1_778' title='bbox 1641 5255 1786 5311; x_wconf 85' lang='lat' dir='ltr'>studiosius</span> 
     </span>
     <span class='ocr_line' id='line_1_117' title="bbox 997 5345 1786 5419; baseline 0 -16"><span class='ocrx_word' id='word_1_779' title='bbox 997 5365 1046 5403; x_wconf 83' lang='grc' dir='ltr'>ιιι</span> <span class='ocrx_word' id='word_1_780' title='bbox 1067 5348 1192 5401; x_wconf 87' lang='lat' dir='ltr'>eotrreuit</span> <span class='ocrx_word' id='word_1_781' title='bbox 1212 5345 1258 5400; x_wconf 89' lang='lat' dir='ltr'>bei</span> <span class='ocrx_word' id='word_1_782' title='bbox 1281 5345 1434 5416; x_wconf 86' lang='lat' dir='ltr'>praesidium</span> <span class='ocrx_word' id='word_1_783' title='bbox 1459 5365 1507 5418; x_wconf 88' lang='lat' dir='ltr'>pro</span> <span class='ocrx_word' id='word_1_784' title='bbox 1522 5365 1614 5404; x_wconf 89' lang='lat' dir='ltr'>eorum</span> <span class='ocrx_word' id='word_1_785' title='bbox 1628 5364 1699 5418; x_wconf 76' lang='lat' dir='ltr'>saepe</span> <span class='ocrx_word' id='word_1_786' title='bbox 1714 5350 1786 5419; x_wconf 69' lang='lat' dir='ltr'>copi·</span> 
     </span>
    </p>
   </div>
   <div class='ocr_carea' id='block_1_28' title="bbox 1034 5480 1450 5613">
    <p class='ocr_par' dir='ltr' id='par_1_37' title="bbox 1034 5480 1450 5613">
     <span class='ocr_line' id='line_1_118' title="bbox 1034 5480 1414 5547; baseline 0.005 -15"><span class='ocrx_word' id='word_1_787' title='bbox 1034 5486 1045 5512; x_wconf 76' lang='lat'>⁰</span> <span class='ocrx_word' id='word_1_788' title='bbox 1062 5481 1176 5547; x_wconf 76' lang='lat' dir='ltr'>Capitol.</span> <span class='ocrx_word' id='word_1_789' title='bbox 1187 5480 1332 5544; x_wconf 82' lang='lat' dir='ltr'>Theodul.,</span> <span class='ocrx_word' id='word_1_790' title='bbox 1347 5497 1373 5537; x_wconf 91' lang='lat' dir='ltr'>c.</span> <span class='ocrx_word' id='word_1_791' title='bbox 1388 5483 1414 5535; x_wconf 86' lang='grc'>7.</span> 
     </span>
     <span class='ocr_line' id='line_1_119' title="bbox 1036 5547 1450 5613; baseline 0.002 -9"><span class='ocrx_word' id='word_1_792' title='bbox 1036 5547 1044 5584; x_wconf 81' lang='lat'><em>¹</em></span> <span class='ocrx_word' id='word_1_793' title='bbox 1060 5551 1159 5604; x_wconf 74' lang='lat' dir='ltr'>utinen.</span> <span class='ocrx_word' id='word_1_794' title='bbox 1175 5552 1305 5605; x_wconf 75' lang='lat' dir='ltr'>linbillmt.</span> <span class='ocrx_word' id='word_1_795' title='bbox 1320 5567 1349 5613; x_wconf 89' lang='lat' dir='ltr'>tr,</span> <span class='ocrx_word' id='word_1_796' title='bbox 1365 5569 1389 5607; x_wconf 86' lang='lat' dir='ltr'>r.</span> <span class='ocrx_word' id='word_1_797' title='bbox 1407 5552 1450 5605; x_wconf 67' lang='grc' dir='ltr'>ιι.</span> 
     </span>
    </p>
   </div>
   <div class='ocr_carea' id='block_1_29' title="bbox 991 5610 1785 5694">
    <p class='ocr_par' dir='ltr' id='par_1_38' title="bbox 991 5610 1785 5694">
     <span class='ocr_line' id='line_1_120' title="bbox 991 5610 1785 5694; baseline 0.014 -30"><span class='ocrx_word' id='word_1_798' title='bbox 991 5610 998 5622; x_wconf 88' lang='grc'><strong>“</strong></span> <span class='ocrx_word' id='word_1_799' title='bbox 1033 5626 1047 5665; x_wconf 88' lang='lat' dir='ltr'>s</span> <span class='ocrx_word' id='word_1_800' title='bbox 1061 5621 1161 5673; x_wconf 77' lang='lat' dir='ltr'>threicii.</span> <span class='ocrx_word' id='word_1_801' title='bbox 1179 5622 1341 5677; x_wconf 78' lang='lat' dir='ltr'>moloche.</span> <span class='ocrx_word' id='word_1_802' title='bbox 1357 5624 1383 5676; x_wconf 81' lang='grc'>5.</span> <span class='ocrx_word' id='word_1_803' title='bbox 1400 5620 1500 5678; x_wconf 85' lang='lat' dir='ltr'>hrelat.</span> <span class='ocrx_word' id='word_1_804' title='bbox 1516 5622 1552 5686; x_wconf 69' lang='grc' dir='ltr'>ι,</span> <span class='ocrx_word' id='word_1_805' title='bbox 1568 5636 1592 5679; x_wconf 87' lang='lat' dir='ltr'>e.</span> <span class='ocrx_word' id='word_1_806' title='bbox 1606 5621 1649 5677; x_wconf 68' lang='lat' dir='ltr'>li.</span> <span class='ocrx_word' id='word_1_807' title='bbox 1669 5621 1785 5694; x_wconf 74' lang='lat' dir='ltr'>Equum,</span> 
     </span>
    </p>
   </div>
   <div class='ocr_carea' id='block_1_30' title="bbox 998 5692 1134 5747">
    <p class='ocr_par' dir='ltr' id='par_1_39' title="bbox 998 5692 1134 5747">
     <span class='ocr_line' id='line_1_121' title="bbox 998 5692 1134 5747; baseline -0.029 0"><span class='ocrx_word' id='word_1_808' title='bbox 998 5708 1022 5747; x_wconf 85' lang='lat' dir='ltr'>c.</span> <span class='ocrx_word' id='word_1_809' title='bbox 1040 5692 1055 5745; x_wconf 81' lang='lat'>5</span> <span class='ocrx_word' id='word_1_810' title='bbox 1071 5694 1134 5744; x_wconf 77' lang='lat' dir='ltr'>etti.</span> 
     </span>
    </p>
   </div>
   <div class='ocr_carea' id='block_1_31' title="bbox 0 0 1933 6114">
    <p class='ocr_par' dir='ltr' id='par_1_40' title="bbox 0 0 1933 6114">
     <span class='ocr_line' id='line_1_122' title="bbox 0 0 1933 6114; baseline 0 0"><span class='ocrx_word' id='word_1_811' title='bbox 0 0 1933 6114; x_wconf 95' lang='lat' dir='ltr'> </span> 
     </span>
    </p>
   </div>
  </div>
 </body>
</html>
