3832 6114
136 293 188 347 sro
452 281 482 339 s.
505 272 673 335 eustrscrr
692 267 882 329 uuouurmr
902 263 1160 322 uncrruroscurr
1180 262 1257 320 uer.
1278 265 1366 324 rsus
1386 266 1431 323 rrr.
1715 261 1771 324 ssu

136 420 188 474 qus
212 376 361 468 comoedis
387 401 573 466 seminalem,
588 387 726 445 ellloltm
749 399 810 440 tum
838 381 969 445 ostillon
1017 384 1131 454 Quidum
1154 384 1346 457 pateriumilias
1369 382 1512 454 scotigena
1536 380 1636 438 Abdiss
1658 382 1773 440 nornine

137 494 249 567 gemunt
274 484 479 558 pretiosissimis
493 497 612 552 aumgrrs
632 479 734 551 lulgido
760 484 926 548 pertextam,
982 477 1145 548 paralyticos
1167 476 1267 545 pariter
1280 485 1308 531 st
1322 475 1453 546 leprosus,
1470 473 1599 544 omrrigue
1613 486 1663 528 usar
1684 486 1775 528 mem·

139 591 166 644 is
180 583 293 656 ipso-die
316 579 496 637 ordinationis
518 589 584 640 suos,
612 586 662 644 pro
690 571 794 627 tudere
818 578 930 625 steros
981 569 1262 636 brorumdestitutus,
1275 569 1315 625 sio
1330 579 1509 639 praemortuus
1523 568 1643 623 existens
1659 580 1774 634 perno-

139 677 289 740 cbariratis,
304 676 364 743 pius
376 670 504 742 magister
515 668 613 723 dilecto
624 679 674 720 suo
688 662 821 733 discipulo
831 660 930 717 dssuto
982 677 1041 719 seor
1054 676 1150 729 annos,
1166 671 1195 718 ut
1211 675 1261 717 nec
1282 653 1399 731 ling'usur
1414 659 1446 714 ad
1461 658 1624 729 loquendum
1649 671 1773 720 roorere,

142 782 234 824 amors
246 760 420 820 contradidit.
982 769 1032 809 uec
1046 767 1141 809 manus
1156 753 1190 808 ad
1203 767 1235 809 os
1251 752 1399 824 porrigere,
1412 766 1498 820 negoe
1511 749 1594 819 pedes
1608 748 1642 803 ad
1656 762 1687 803 se
1701 761 1772 805 son·

172 857 241 913 Cum
250 854 408 911 arrrernlraee
422 850 512 907 omnis
526 845 683 919 gratissimi
696 845 813 915 Spiritus
827 857 929 913 coope-
983 851 1091 903 trutrere
1108 856 1209 916 posset,
1225 845 1274 902 sed
1288 853 1360 901 toros
1372 842 1480 915 jacebat
1492 842 1595 912 rigidus
1608 840 1772 910 iugrabato,

139 958 217 1005 rente
227 947 312 1017 digne
328 942 539 1014 complerentur,
555 937 685 994 sacerdos
701 936 748 993 liei
762 935 931 992 venerandus
982 946 1010 994 et
1023 939 1090 992 nitrii
1114 937 1195 994 sitale
1209 938 1236 992 in
1249 951 1279 992 se
1308 935 1435 999 babebat,
1446 948 1496 989 nec
1511 931 1609 988 mobile
1620 940 1773 1002 praetores,

139 1042 250 1097 livinus
264 1053 325 1093 corn
349 1034 488 1104 discipulis
501 1034 576 1100 suis,
592 1031 781 1088 benedictione
795 1030 832 1100 pii
847 1026 931 1098 rongi·
981 1038 1009 1085 et
1023 1029 1128 1094 oculos,
1154 1043 1268 1099 quotuor
1288 1027 1397 1082 nutibus
1409 1025 1461 1081 sibi
1476 1026 1647 1091 necessaria,
1662 1023 1707 1079 ris
1734 1024 1777 1077 iu·

139 1133 189 1189 stri
210 1137 345 1199 suscepta,
379 1125 450 1181 beati
477 1123 601 1180 videlicet
635 1120 779 1195 Augustini
807 1117 931 1191 praesulis
984 1117 1082 1175 nuebat
1095 1119 1226 1189 prestari.
1241 1115 1309 1172 Cum
1323 1125 1413 1172 autem
1429 1114 1553 1186 egregius
1566 1112 1677 1183 prtesal,
1695 1112 1776 1183 trujus

139 1222 241 1285 etiruii,
269 1231 385 1288 superna
409 1216 555 1271 comitante
581 1214 744 1279 clementi-r,
767 1214 794 1268 iu
815 1211 930 1282 pstriato
983 1211 1022 1267 rei
1048 1209 1153 1282 gratis,
1177 1208 1368 1282 gloriiicsrrdus
1392 1215 1546 1276 peragraret
1560 1203 1651 1272 osilia,
1681 1204 1773 1257 orium

139 1327 217 1369 suam
245 1308 392 1380 repedavit.
410 1307 437 1362 lu
451 1306 511 1376 eJus
536 1320 643 1377 quoque
663 1305 781 1361 adreutu
805 1303 932 1373 princeos
983 1317 1092 1359 soarurn
1108 1302 1204 1371 pabula
1218 1312 1326 1358 sternte
1340 1301 1402 1354 vitoe
1417 1298 1457 1354 eis
1471 1296 1700 1363 administrando,
1711 1311 1774 1352 caso

140 1402 216 1475 regui
227 1401 355 1472 ciresgue
364 1398 459 1470 patriae
472 1412 568 1467 magna
578 1396 748 1467 iucunditate
759 1395 843 1478 gosisi
857 1402 931 1449 suut.
984 1397 1088 1453 itineris
1102 1396 1144 1452 sui
1156 1395 1264 1450 duorum
1280 1394 1350 1450 illius
1362 1392 1478 1465 languidi
1490 1392 1609 1456 intrarit,
1624 1401 1653 1448 et
1662 1390 1697 1446 ad
1712 1390 1771 1462 eles

141 1492 250 1551 iuterim
264 1491 379 1560 contigit
402 1488 571 1545 Mentiuntur
588 1487 809 1556 arebipuesuteru
826 1500 934 1555 gertus·
983 1490 1122 1544 introitum
1146 1504 1208 1545 moa
1223 1491 1344 1544 irrllrmus
1358 1490 1406 1544 ille
1419 1498 1500 1557 eaput
1517 1485 1615 1555 erssit,
1630 1487 1705 1559 loqui
1720 1500 1777 1543 me·

140 1599 204 1639 rrunr
218 1579 328 1652 gloriosi
345 1579 422 1634 ducis
436 1577 579 1649 Tbeagnii,
596 1578 680 1647 patris
694 1576 767 1632 beati
782 1575 933 1633 sacerdotis
985 1582 1047 1648 ruit,
1065 1581 1168 1653 etquis
1182 1584 1325 1637 sanitatem
1332 1580 1467 1636 sentiebat
1482 1580 1562 1649 inse,
1575 1576 1777 1635 vociferabatur

140 1672 239 1728 iilrrlsti
260 1669 360 1734 Lirini,
375 1667 410 1724 de
422 1666 474 1723 boc
487 1667 588 1722 muodo
611 1667 725 1723 lellciter
736 1667 878 1735 migrasse,
899 1666 935 1723 de
984 1673 1076 1728 diceus
1092 1691 1098 1726 ι
1114 1672 1137 1728 0
1152 1673 1221 1728 irene
1235 1672 1313 1737 milri,
1329 1671 1428 1727 oirerre
1442 1669 1519 1735 milri,
1534 1671 1594 1740 guis
1609 1665 1777 1740 ingreditur?

139 1761 218 1832 cujus
246 1759 360 1815 transitu
385 1758 480 1813 luctus.
496 1765 556 1814 eret
579 1749 719 1824 eurrttrus',
735 1769 765 1812 et
788 1759 933 1814 oroercntia
949 1779 972 1840 B
986 1766 1038 1819 dot
1057 1764 1116 1833 ipse
1141 1761 1268 1828 Dominus
1293 1762 1363 1817 Deus
1386 1768 1498 1828 noster,
1522 1768 1570 1814 aut
1592 1759 1777 1830 sngelrrsejus

142 1852 289 1910 inedicibili
318 1846 552 1907 corrluudebarrurr
583 1849 710 1904 universi.
751 1851 800 1905 llio
828 1863 934 1920 guoque
987 1856 1152 1910 visitatum.
1170 1854 1391 1917 §anetusautcm
1415 1853 1557 1923 episcopus
1578 1853 1665 1906 stabat
1692 1851 1779 1906 adori-

142 1949 281 2012 deterrere,
302 1943 430 2013 praelatus
447 1956 494 1997 res
508 1941 699 2010 Calonra'gnus,
714 1951 741 1994 ct
759 1942 818 2010 eius
834 1939 933 1996 estut·
985 1959 1058 2010 rans,
1074 1952 1104 1997 ut
1117 1943 1186 2000 lorte
1200 1945 1319 2008 nescius,
1334 1944 1398 2014 guirl
1416 1945 1472 1999 suis
1487 1941 1705 2013 precedentibus
1718 1956 1777 1997 ms·

142 2052 237 2093 rrorunr
271 2036 390 2102 cirorrrs,
416 2047 480 2088 cum
513 2032 569 2086 suis
595 2033 763 2095 subaulsscis,
799 2034 936 2102 totiusque
985 2035 1044 2092 ritis
1058 2034 1094 2091 liri
1105 2035 1235 2093 liutoious
1246 2035 1305 2092 ilerl
1317 2035 1493 2107 disposuerit,
1509 2035 1633 2106 dixitque
1650 2034 1778 2106 languido

143 2128 259 2199 regionis
272 2127 346 2183 illius
365 2123 539 2190 corrllucntia,
554 2122 612 2194 pari
626 2123 718 2179 cortils
733 2123 842 2190 allecto,
867 2138 935 2178 cun·
986 2127 1041 2182 illi:
1064 2114 1132 2194 Quid
1146 2128 1185 2183 sic
1200 2128 1340 2198 clamitas,
1356 2127 1457 2184 iraterl
1480 2126 1533 2183 Pax
1550 2127 1613 2183 tibi:
1637 2141 1738 2198 surge,
1753 2136 1780 2183 et

143 2223 329 2279 clamaremus
341 2226 462 2274 sanctum
477 2216 646 2272 sacerdotem
670 2216 792 2273 Liriuurn
809 2218 835 2273 iu
851 2217 936 2273 ltono·
986 2219 1094 2290 porrige
1108 2219 1174 2275 milri
1190 2218 1325 2275 modicam
1337 2232 1431 2291 aqum,
1446 2229 1476 2274 ut
1490 2219 1578 2274 bibaro
1593 2262 1601 2289 ‚
1616 2219 1679 2289 goia
1693 2219 1780 2274 lassus

143 2326 201 2369 reru
225 2310 306 2381 lrujrrs
327 2309 431 2366 ordinis
456 2307 613 2380 dignissime
638 2308 840 2365 sublimandum
865 2309 935 2370 lore.
985 2323 1047 2367 sum
1071 2310 1160 2367 valde.
1186 2309 1263 2366 'lunc
1290 2309 1334 2364 ille
1348 2323 1430 2364 sanus
1454 2311 1585 2378 surrexit,
1604 2318 1633 2364 et
1645 2309 1779 2380 jussallei

147 2407 196 2465 llis
207 2422 255 2464 rea
270 2405 395 2463 omuibus
415 2404 539 2460 devotior
562 2403 744 2471 consentiens,
760 2412 802 2459 ter
823 2413 937 2475 gnstsr·
991 2401 1041 2456 riri
1057 2400 1172 2458 devotus
1186 2399 1343 2471 complevit,
1358 2410 1386 2454 et
1399 2414 1462 2455 curn
1477 2416 1509 2454 eo
1521 2400 1621 2470 gratiss
1635 2400 1692 2457 lleo
1705 2402 1780 2457 lotus

146 2517 199 2572 qrre
235 2502 342 2556 ircatum
370 2499 456 2552 sirum
483 2496 509 2551 in
531 2495 660 2552 crrtlredra
688 2495 937 2566 archiepiscopatus
988 2506 1037 2562 pru
1052 2493 1227 2548 sanitatesua
1241 2491 1402 2560 celebrarit,
1417 2492 1553 2548 etdeirrde
1568 2493 1630 2548 site
1644 2506 1703 2548 suae
1716 2506 1778 2548 cor·

145 2593 237 2650 debito
250 2591 363 2658 bonore,
381 2587 494 2644 bomine
504 2585 636 2658 irrisore,
667 2586 818 2642 collocarit.
835 2584 936 2642 Eadem
988 2583 1225 2642 riculaiocoiumis
1237 2586 1395 2655 preteritis.
1412 2585 1468 2640 lloe
1479 2585 1577 2656 insigni
1587 2592 1615 2642 et
1623 2585 1780 2642 admirando

147 2684 283 2741 serolrora
295 2681 402 2753 quaudo
412 2680 593 2751 episcopalem
604 2677 936 2749 :recepitbenedietionem
988 2679 1120 2735 miraculo
1143 2679 1260 2751 gloriose
1285 2686 1457 2751 perpetrato,
1483 2677 1569 2749 majus
1591 2678 1779 2737 admirandum

149 2780 200 2852 (ut
222 2775 389 2832 consuetudo
409 2783 451 2830 est
472 2783 594 2845 pastores
615 2784 715 2830 sanctae
739 2774 786 2831 liei
810 2771 939 2831 idrclesim
988 2772 1163 2828 subsecmuur
1179 2781 1230 2827 est.

150 2870 315 2941 consecrari)
329 2869 435 2933 caeteris
458 2867 636 2939 presentibus
663 2870 796 2937 episcopis
809 2878 836 2924 ct
850 2871 936 2934 ciero,
1024 2865 1092 2922 Corn
1114 2865 1230 2936 quadarn
1251 2865 1359 2936 disper
1379 2865 1453 2921 littus
1477 2863 1561 2920 maris
1581 2863 1779 2931 deambularet,

148 2976 228 3034 stgoe
252 2963 351 3019 devoto
374 2961 473 3032 populo
486 2963 518 3015 ad
533 2961 694 3017 declaranda
712 2962 784 3018 beari
810 2962 939 3017 antistitis
991 2954 1061 3015 ecte
1078 2956 1189 3028 guidam
1215 2965 1304 3014 nautes
1324 2957 1460 3028 perralida
1492 2962 1650 3025 tempestate
1671 2956 1780 3025 pervasi

149 3054 235 3111 bisini
258 3053 358 3109 muodo
378 3051 483 3116 merita,
498 3054 764 3109 etsdcoolirursnde
780 3054 838 3109 irtec
851 3052 938 3109 dirius
988 3060 1132 3121 coeperunt
1158 3049 1330 3105 sebeoreoter
1359 3046 1513 3118 periclitari,
1528 3059 1626 3105 etcum
1650 3045 1780 3101 omuibus

149 3140 977 3213 ministeriasossuperrrerlelatapslauromuibusinsonuitc
992 3141 1175 3198 mercimoniis
1201 3142 1259 3197 suis
1282 3139 1459 3213 pessumdati.
1494 3137 1598 3207 Quibus
1622 3140 1719 3196 ridens
1746 3141 1785 3195 sir

148 3239 259 3291 rlicour:
278 3234 343 3290 Eece
357 3234 475 3291 mccrdoa
486 3251 604 3305 oropum,
616 3236 660 3306 gui
674 3235 701 3288 iu
713 3235 802 3290 dirius
812 3236 866 3290 suis
881 3234 939 3307 pls·
994 3235 1100 3292 numiui
1130 3245 1253 3291 extrema
1265 3233 1320 3305 jam
1336 3234 1497 3302 iroruinere,
1512 3240 1644 3291 consueto
1670 3227 1785 3305 Spiritus

149 3332 201 3383 curt
215 3326 282 3392 lieo,
293 3336 317 3382 et
332 3328 450 3381 irruentes
461 3335 498 3381 est
507 3328 602 3396 iustos.
627 3324 747 3382 llecdtrsrt
765 3339 856 3382 eaeor
882 3325 941 3383 nuc
992 3326 1080 3385 sancti
1094 3326 1204 3382 terrore
1218 3327 1316 3393 iretur,
1332 3328 1468 3383 ttrtocalle
1479 3340 1646 3394 superorare
1660 3323 1785 3398 gradiens

150 3422 240 3476 ‹lit-inu
270 3419 352 3476 rerba
381 3418 487 3474 linierat
510 3427 602 3474 sancta
619 3418 664 3475 illa
686 3434 825 3485 runcato
852 3418 942 3474 sabito
995 3434 1081 3489 usgue
1095 3415 1317 3475 arleoslestious
1342 3418 1475 3488 perr-cuit,
1504 3417 1667 3487 siprunrgue
1686 3424 1784 3473 sancte

153 3512 277 3583 apparuit
290 3526 371 3581 super
385 3519 466 3580 caput
488 3508 634 3566 venerandi
648 3510 781 3581 pontilicis
794 3511 881 3566 lirini
895 3524 944 3566 oo-
993 3514 1084 3569 crucis
1104 3512 1146 3569 sis
1172 3513 1326 3582 prareudtt,
1346 3521 1375 3568 et
1399 3512 1451 3566 ait:
1479 3511 1583 3567 liubete
1605 3510 1739 3568 lidueiaur
1758 3510 1795 3567 io'

154 3621 219 3660 surra
234 3604 315 3659 rutilo
329 3617 395 3657 uuro
409 3599 772 3670 etcoruscsutlbusgcmnris
782 3603 941 3670 composita,
996 3603 1121 3671 bomiuru
1148 3603 1258 3670 iratres,
1281 3604 1343 3675 quio
1366 3618 1419 3659 nou
1444 3601 1557 3672 despicit
1578 3600 1783 3658 conlideatesln

153 3711 185 3752 ac
220 3696 392 3751 rerunntiims
425 3693 527 3751 intexta
557 3693 687 3761 (loribus,
713 3701 742 3748 et
778 3691 891 3748 internis
916 3702 944 3748 st
994 3703 1035 3752 se.
1061 3694 1107 3750 llis
1127 3694 1219 3750 serbis
1243 3695 1345 3766 quierit
1375 3700 1573 3764 terupesras,et
1596 3693 1668 3750 lacta
1691 3708 1784 3767 magna

154 3789 289 3852 esteruis,
312 3786 470 3856 etdesuper
497 3785 640 3857 purpureis
663 3796 786 3840 rosarum
808 3783 944 3841 coloribus
997 3786 1189 3856 tranquillitas.
1217 3785 1430 3843 Gubernatorem
1456 3801 1520 3842 sero
1542 3802 1624 3858 grreru
1651 3801 1685 3843 es
1711 3801 1785 3858 prora

158 3879 246 3934 lucide
272 3877 390 3948 perlusa,
410 3886 531 3934 sstarrtes
552 3873 783 3948 fragrantiam
805 3876 945 3932 sosritstis
997 3877 1119 3945 elapsum
1145 3879 1224 3951 longe
1237 3877 1263 3931 si
1286 3890 1335 3933 sus
1356 3885 1484 3948 guarrtum
1505 3885 1547 3932 est
1575 3876 1672 3933 missio
1694 3889 1784 3943 arcus,

157 3970 281 4039 replerit.
997 3982 1074 4025 mare
1099 3968 1126 4023 io
1146 3983 1177 4024 se
1198 3968 1346 4037 protraxit,
1375 3982 1490 4025 cernens
1519 3966 1687 4024 uenerabilis
1714 3975 1787 4040 patet

194 4061 252 4118 lice
275 4061 357 4115 etism
383 4058 569 4129 prasguratrat
588 4062 647 4114 loro
660 4059 846 4116 beatissimum
870 4058 946 4114 illurn
998 4061 1082 4132 mergi
1111 4062 1294 4132 incipientem,
1319 4064 1436 4118 cucurrit
1460 4060 1703 4133 superdoctusad
1717 4076 1784 4126 ears,

160 4153 311 4209 antistitem
343 4150 453 4218 dignum
483 4147 583 4204 cirrisri
608 4161 753 4221 nrsrtgrern
780 4154 897 4207 lutosum
918 4151 947 4208 io
998 4164 1026 4209 et
1041 4153 1152 4209 dextera
1163 4167 1212 4209 sus
1222 4154 1360 4211 dexteram
1375 4154 1447 4210 lllirrs
1457 4152 1665 4225 apprehendens
1676 4154 1787 4210 eutraait

160 4259 240 4298 roseo
266 4239 454 4308 sangrrinesui
469 4240 590 4309 martyrii
613 4239 948 4310 liuidum,etdisdemate
998 4261 1077 4310 eom,
1092 4258 1120 4301 et
1143 4260 1234 4301 secum
1259 4246 1292 4303 ad
1315 4248 1391 4303 arida
1416 4248 1552 4317 perduxit,
1575 4244 1636 4305 allis
1661 4258 1788 4317 prospere

161 4331 236 4402 regni
250 4331 354 4386 roelcsti
366 4329 560 4396 coronandum,
573 4332 599 4387 in
613 4330 784 4391 corrlessiune
797 4344 944 4409 martyrum
999 4337 1106 4408 navigio
1121 4340 1359 4409 subsequentibus,
1374 4354 1406 4396 sc
1419 4340 1532 4397 llomino
1544 4339 1601 4396 lieo
1612 4338 1788 4411 omnipotenti

160 4424 239 4479 bears
255 4419 611 4477 isernortalitalelruiturum
627 4424 779 4481 insaecula.
806 4423 948 4482 Gloriosus
995 4428 1128 4499 jocundis
1159 4429 1270 4487 vocibus
1300 4429 1519 4499 concinentibus,
1545 4430 1617 4487 lorts
1648 4429 1724 4502 quoti
1745 4444 1790 4503 pet

160 4513 242 4584 igitur
253 4510 371 4584 pontifex
396 4509 505 4567 Lirinus
513 4511 577 4583 jura
601 4513 740 4585 regiminis
751 4515 865 4574 mutuo
882 4501 1122 4575 con·l)saucturn
1145 4535 1223 4577 soum
1249 4520 1400 4591 pontilicem
1426 4521 1553 4579 bisinum
1567 4520 1791 4579 eossslsaredi·

163 4606 277 4664 cedente
289 4603 702 4677 bamiiiderotiouesuscipiens,
713 4605 845 4679 spirituali
856 4621 949 4663 amore
1000 4620 1159 4682 guatusest.
1186 4611 1252 4679 Quis
1263 4613 1342 4683 liujus
1358 4611 1409 4668 riri
1427 4614 1561 4684 procoma
1576 4620 1665 4678 tacet,
1683 4608 1793 4683 uulgul

159 4712 318 4763 succensus,
326 4712 434 4771 gregem
443 4713 498 4755 suae
512 4714 584 4754 curs
596 4701 769 4758 coounissum
785 4701 849 4767 lide,
862 4717 912 4772 spe
921 4711 950 4759 et
1005 4717 1095 4758 murus
1111 4704 1172 4759 esti
1197 4703 1263 4771 Quis
1284 4704 1441 4760 meritorum
1466 4705 1524 4774 ejus
1549 4703 1662 4759 uirtutes
1687 4692 1791 4761 lastidit

165 4791 307 4858 clraritate,
321 4788 481 4858 caterisque
494 4789 775 4861 drrmioiccoirrssiouis
787 4792 951 4847 emditioui·
1004 4794 1124 4860 baurire,
1151 4795 1202 4850 nisi
1221 4795 1266 4865 gul
1293 4794 1432 4850 cirristuor
1456 4795 1565 4866 negligit
1588 4792 1724 4866 diligeret
1742 4796 1795 4852 iles

164 4883 232 4947 irat,
247 4881 459 4952 sineguibusad
475 4883 587 4950 patriam
612 4882 743 4939 claritatis
763 4889 873 4938 uterus
897 4897 950 4938 son
1002 4886 1076 4939 enirn
1090 4899 1151 4939 sum
1164 4885 1237 4939 eliud
1252 4887 1348 4941 iecisse
1361 4886 1494 4954 norimus,
1508 4889 1559 4941 uisi
1569 4887 1641 4958 guod
1655 4887 1794 4944 Cbrislust

163 4975 333 5042 perrenitrrr,
358 4974 475 5033 discreta
502 4975 603 5043 pierets
637 4974 769 5044 vigilando
801 4974 950 5042 admonuit,
1002 4976 1127 5032 docuisse
1145 4977 1267 5047 legiuurs.
1283 4977 1350 5033 Erat
1364 4993 1471 5048 guoque
1487 4978 1619 5046 veritatis,
1634 4978 1795 5036 humilitatis

161 5066 265 5130 timuit,
294 5067 520 5133 mussitatum
538 5076 673 5134 perpetuae
696 5064 839 5121 viriditatis
853 5065 950 5136 pabulo
1002 5069 1063 5134 llos,
1080 5068 1188 5123 lucerua
1201 5067 1324 5138 justitiae,
1351 5068 1611 5143 custimtisgemnra,
1638 5068 1797 5127 sobrietatis

165 5156 275 5224 largitor
301 5155 404 5211 reiecit.
432 5156 558 5211 coelemis
583 5169 697 5223 narugue
725 5156 857 5222 medicus,
880 5155 952 5211 sicat
1002 5173 1107 5213 uorrrra.
1121 5157 1149 5213 irr
1164 5158 1270 5216 curreris
1293 5171 1359 5214 tero
1391 5160 1488 5216 studiis
1501 5163 1560 5217 suis
1588 5159 1796 5227 insudabat,st

168 5248 273 5301 arriuras
284 5260 393 5301 suorum
409 5246 538 5301 medicari
548 5244 660 5304 solebat.
677 5243 712 5298 its
723 5253 752 5300 et
765 5259 836 5316 srgra
850 5247 952 5302 mults·
1002 5264 1057 5319 quo
1069 5252 1198 5305 virtutum
1220 5248 1405 5306 urrirerssrum
1418 5250 1471 5306 dor
1485 5259 1514 5307 et
1526 5250 1681 5322 esemplum
1708 5250 1796 5318 deret,

167 5350 227 5390 rom
241 5349 356 5406 corpora
373 5335 603 5392 incolumitatibus
623 5333 748 5390 inmanis
760 5338 824 5391 rita
835 5352 952 5407 superus
1006 5339 1126 5393 studiose
1139 5341 1244 5411 agelrst.
1271 5341 1480 5398 lucrationibus
1503 5340 1629 5414 irenaeus
1643 5347 1714 5410 erat,
1733 5326 1808 5415 uigi-¹

166 5427 307 5489 clementia
330 5439 464 5498 praesente
488 5427 655 5487 restituebat.
687 5427 760 5482 luter
780 5428 850 5484 alias
870 5433 952 5486 etiam
1007 5430 1061 5496 liis,
1077 5429 1239 5503 lejurriisgrrs
1254 5443 1409 5500 contentus,
1422 5434 1516 5504 inopes
1529 5432 1555 5488 in
1570 5447 1665 5489 euruur
1678 5432 1801 5490 uecessi-

166 5518 359 5585 prtccooandss
373 5519 529 5573 meritorum
550 5531 659 5572 auororu
673 5517 796 5584 rirtrrtes,
811 5531 952 5590 postgusur
1010 5523 1109 5579 tatibus
1122 5524 1264 5595 rusgoidce
1277 5525 1425 5596 relevabat,
1446 5525 1582 5595 bospitour
1596 5535 1624 5581 et
1638 5524 1800 5597 presertim

165 5609 308 5674 madlicsli
337 5608 442 5667 bonore
464 5607 625 5664 sublimatus
649 5618 709 5677 est,
738 5609 843 5666 boariui
867 5612 953 5682 gratia
1006 5616 1250 5687 preregriosstirrm,
1287 5619 1532 5692 monacborutnque
1558 5620 1586 5676 iu
1625 5618 1804 5691 susceptione

165 5698 433 5769 connecteremus
449 5697 702 5771 issigoiroperstus
716 5709 760 5757 est
773 5700 914 5758 crimmis.
1006 5709 1141 5780 piissimus
1168 5708 1332 5782 invigilabat,
1362 5711 1533 5784 propriisque
1560 5710 1684 5768 inanibus
1717 5710 1803 5781 pedes
