3832 6114
180 310 294 375 199,

177 432 378 503 loiaottumqoe
391 442 502 501 gemens
514 437 624 486 resonat
636 427 770 500 vagitibus
781 425 867 481 orbis.

179 524 255 581 Tunc
269 525 348 580 naria
360 533 454 594 gentes
465 524 576 580 veniunt
587 523 620 578 de
635 522 744 579 sedibus
755 519 828 583 imis,

176 613 305 673 Rusticus
319 624 348 671 et
360 614 446 682 miles,
463 614 551 685 positu
563 613 713 671 diademate
726 626 813 682 reges,

178 707 301 777 Paupere
314 707 469 762 commistus
479 707 573 776 aequati
590 707 616 760 in
634 706 740 776 agmine
753 704 840 758 diues.

182 798 259 853 Altus
272 797 369 868 ubique
383 806 482 854 tremor
496 797 620 867 precihus
634 811 704 851 nunc
718 796 837 867 ingemet
851 791 934 858 orbis,

180 886 387 957 'laudentesque
400 902 493 942 manus
508 886 596 956 popuii
609 885 726 941 clamore
751 890 899 939 morantur.

180 979 240 1046 lpse
256 978 351 1034 sedens
366 978 494 1033 Dominus
505 979 604 1033 eminet
616 976 826 1040 lumioeciarus,

180 1067 215 1124 Et
229 1079 372 1141 prepotens
383 1070 485 1125 cunctis
500 1069 581 1123 micat
593 1069 619 1122 in
633 1064 775 1121 uirtutibus
790 1063 877 1134 ignis,

182 1160 349 1229 liacelsoque
364 1158 463 1214 throno
474 1158 576 1215 coelesti
590 1157 655 1212 sede
668 1163 808 1220 coruscat,

182 1252 342 1321 llarlyribus
354 1260 456 1320 septus,
472 1264 585 1306 numero
603 1248 735 1303 candente
748 1246 883 1306 virorum.

181 1342 341 1413 dilectisque
355 1342 410 1397 suis
419 1341 562 1398 comitatus
576 1339 680 1395 ratibus
689 1344 795 1407 exstat,

180 1434 257 1490 clara
273 1432 368 1505 quibus
382 1431 468 1488 triueis
479 1430 608 1501 eliulgent
622 1439 741 1499 tempora
757 1427 853 1483 taeniis.

177 1524 290 1594 lamque
304 1521 458 1578 sacerdotes
472 1521 562 1576 nitidis
575 1520 602 1575 in
616 1518 735 1574 restibus
753 1516 863 1581 adsunt,

179 1615 323 1673 Gestomes
335 1612 444 1668 rutilant
459 1609 598 1683 premialia
612 1609 698 1664 uincla
711 1607 818 1663 coronis

177 1706 376 1774 Submissreqne
388 1715 482 1757 omnes
495 1701 607 1771 genibus
609 1736 716 1754 .....
732 1697 858 1765 adorant,

585 311 619 369 S.
639 305 814 368 hblillbblll
832 303 976 364 otendit
998 300 1088 360 illis
1107 300 1152 361 lll.
1171 330 1207 344 -
1226 301 1400 362 suebant.

984 418 1171 478 antenatus
1186 419 1315 476 extremis
1332 419 1459 488 religatur
1473 418 1550 476 exsul
1565 419 1592 475 in
1607 421 1674 489 oris,

1763 306 1821 362 300

1024 513 1125 584 ilioque
1139 513 1200 572 labo
1214 515 1315 570 teritus
1329 513 1397 570 lines
1412 513 1533 571 habitare
1553 514 1656 571 beatos.

1024 606 1082 663 illic
1095 607 1180 676 prisca
1194 607 1261 664 ides
1272 606 1358 664 electa
1367 595 1400 664 ⁸in
1414 608 1478 665 sede
1489 608 1617 678 quiescit;

1023 697 1129 755 lustitia
1139 699 1258 770 gaudens
1272 707 1374 756 aterno
1386 698 1414 754 in
1427 699 1526 755 tedere
1537 700 1612 765 tivit,

1023 791 1058 846 Et
1069 806 1163 848 secura
1177 792 1249 849 salus
1261 791 1365 863 placitis
1380 791 1487 848 laxatur
1502 793 1528 845 in
1541 792 1623 847 arsis.

1023 882 1072 939 llic
1084 883 1233 955 quicunque
1246 885 1333 941 bonus
1337 921 1463 940 .....
1483 883 1598 953 bonique
1613 884 1744 945 colonus,

1022 976 1126 1048 Quique
1141 977 1227 1033 Deum
1237 977 1331 1033 metuit
1346 974 1456 1031 innoxia
1475 984 1566 1031 mente
1577 984 1701 1040 trement,

1021 1070 1109 1137 litque
1121 1082 1184 1134 suos
1199 1065 1281 1123 coluit
1295 1080 1371 1122 sacra
1386 1066 1485 1136 pietate
1496 1075 1641 1136 parentes,

1023 1157 1075 1213 hut
1085 1158 1191 1227 inopem
1206 1159 1312 1228 quoties
1322 1157 1418 1227 opibus
1430 1157 1531 1213 solatus
1541 1159 1671 1223 amicum,

1022 1249 1055 1305 Et
1068 1249 1149 1304 coluit
1160 1258 1280 1305 sanctam
1294 1263 1401 1318 semper
1413 1248 1472 1306 sine
1485 1249 1598 1305 crimine
1613 1249 1706 1313 ritant,

1021 1342 1110 1412 Atque
1123 1339 1254 1395 laboranti
1269 1339 1546 1410 quisquamasuhtenit
1559 1339 1658 1396 amico.

1022 1432 1151 1503 Pauperis
1163 1430 1281 1501 adjutor,
1298 1431 1430 1487 solitusve
1443 1431 1533 1487 iuuere
1544 1432 1668 1502 pupillos.

1022 1524 1137 1579 limitet
1151 1523 1266 1590 nocitos,
1280 1523 1405 1579 subvenit
1417 1522 1532 1579 crimine
1543 1522 1654 1593 pressis,

1022 1615 1227 1687 llospitibusque
1239 1629 1295 1670 suae
1311 1614 1403 1670 tribuit
1416 1614 1461 1684 qui
1474 1629 1583 1671 munera
1596 1628 1709 1681 mense,

1021 1704 1078 1761 lion
1098 1705 1213 1775 aliquem
1227 1704 1328 1769 nocuit,
1340 1712 1368 1759 et
1379 1718 1433 1758 nou
1446 1703 1533 1759 aliena
1553 1703 1670 1773 capitit,

177 1795 559 1866 Solusqueagiussanctusque
570 1787 903 1857 Dctts‚roxotnnibusuna
915 1792 966 1854 est,
984 1776 1009 1836 B
1023 1796 1062 1853 pqr
1075 1794 1474 1854 „guqqnqggqqgjnqggqugngg
1482 1810 1587 1859 mnes,

177 1885 343 1957 AEtemaque
357 1884 415 1941 dies
429 1893 509 1954 atque
522 1878 687 1937 immutabile
700 1885 823 1949 lempus;

178 1980 234 2035 Lux
249 1979 294 2034 ubi
307 1977 379 2053 clepa
393 1977 474 2042 lucei,
488 1974 573 2044 spirat
585 1970 718 2027 salubrior
731 1985 805 2040 aura,

178 2074 211 2129 Et
220 2080 325 2129 secreta
340 2071 395 2126 Deo
406 2069 479 2140 regio
489 2066 619 2124 ditissima
631 2069 751 2140 campis,

178 2165 312 2233 lleataque
327 2162 406 2219 nimis
418 2177 515 2219 sereno
537 2162 565 2217 io
577 2162 687 2219 cardine
701 2161 772 2217 sedis

178 2254 292 2322 Semper
305 2253 416 2320 uictura,
434 2266 594 2322 semperque
608 2252 636 2306 in
648 2253 708 2308 luce
721 2251 808 2305 lutura

176 2345 270 2410 Lucet,
281 2354 307 2401 et
321 2346 444 2414 aspirans
459 2344 531 2401 titali
549 2345 658 2402 humine
674 2353 788 2408 ventus,

176 2434 373 2504 omoiteraeqm
383 2434 442 2490 solo
455 2434 593 2505 praediuite
595 2471 751 2491 ......

177 2525 271 2583 Florea
286 2525 394 2582 vibratis
408 2525 553 2597 conflagrat
562 2540 677 2597 purpura
690 2525 786 2595 pratis.

177 2616 226 2672 llic
240 2618 310 2672 rusci
325 2617 402 2673 niuea
416 2617 553 2671 variantur
571 2616 675 2670 semina
691 2614 771 2680 ruris,

176 2711 230 2764 hut
244 2709 329 2764 roseis
341 2710 417 2764 oirea
432 2709 582 2778 crispantur
592 2707 703 2764 iloribus
713 2721 789 2762 aura.

176 2802 269 2859 llescla
280 2801 324 2857 iila
337 2800 433 2871 quibus
446 2809 588 2858 suavescat
601 2799 740 2870 pulchrior
749 2799 823 2869 alga,

176 2896 230 2949 hut
243 2892 339 2963 quibus
357 2893 465 2949 aetberis
479 2893 579 2963 aspirat
594 2893 700 2948 mollior
714 2906 791 2958 aura,

173 2984 240 3052 Qrtis
253 2983 348 3039 melior
362 2983 464 3055 specie,
480 2990 527 3038 aut
540 2983 600 3053 quis
615 2983 753 3053 praecellat
768 2982 882 3038 lrcnore.

175 3075 316 3146 Nunquam
331 3073 464 3146 florigeris
474 3072 576 3130 similes
589 3083 737 3129 nascuntur
749 3072 776 3127 iu
790 3070 875 3126 hortis
889 3085 897 3136 ;

175 3165 242 3222 Lilia
258 3180 309 3221 nec
318 3165 415 3221 nostris
429 3166 577 3222 lloruerunt
597 3165 657 3219 talia
673 3162 791 3233 campis,

175 3254 231 3312 Nec
245 3263 336 3310 notata
346 3257 425 3310 rubet
438 3270 499 3310 mox
514 3264 542 3309 ut
557 3268 618 3309 rosa
633 3254 759 3324 panditur
772 3250 846 3321 alba,

177 3343 298 3412 l‘urpura
315 3355 363 3396 nec
377 3342 417 3396 sic
429 3351 472 3397 cst
486 3339 567 3413 Tyrio
576 3349 703 3396 concocta
713 3339 824 3405 rubore,

178 3431 288 3488 Gemma
302 3431 428 3487 coloratis
437 3428 649 3502 lulgetspeciusa
664 3430 762 3500 lapillis

1020 1895 1186 1964 Orantesque
1198 1892 1277 1948 simul
1293 1889 1412 1949 reierunt
1426 1891 1459 1947 ad
1476 1890 1564 1947 sidera
1579 1903 1670 1954 rocas,

1020 1984 1169 2040 Psallentes
1182 1983 1297 2040 Domino
1309 1983 1447 2040 celebrant
1460 1997 1515 2053 prae
1529 1981 1623 2053 gaudia
1639 1981 1742 2036 laudes.

1021 2076 1185 2146 beatamque
1199 2076 1282 2131 uitam
1297 2075 1397 2131 nuntiis
1411 2073 1603 2130 comitantibus
1619 2072 1704 2128 ibunt.

1021 2165 1164 2236 Postquam
1177 2166 1235 2222 haec
1251 2165 1382 2223 Dominus
1402 2164 1491 2221 iclicia
1504 2165 1574 2220 dona
1590 2164 1705 2234 peregit,

1021 2255 1054 2310 Et
1064 2259 1150 2326 justus
1160 2257 1249 2326 potius
1264 2257 1291 2311 iu
1305 2265 1405 2311 aterna
1419 2256 1488 2311 dona
1501 2255 1640 2325 premisit,

1021 2346 1061 2404 En
1076 2347 1225 2403 miseranda
1238 2348 1312 2403 renit
1325 2347 1419 2418 lugens
1433 2360 1480 2402 sua
1495 2345 1609 2402 crimina
1625 2346 1720 2412 turba,

1019 2435 1053 2492 Et
1063 2433 1178 2508 gemitus
1192 2444 1308 2492 maerent
1320 2434 1446 2508 lacrymis
1458 2435 1615 2490 ardentibus
1631 2450 1743 2499 omnes,

1018 2527 1274 2600 Testanturqucsua
1284 2527 1389 2583 crebris
1404 2527 1552 2583 ululatibus
1563 2535 1623 2582 acta
1640 2546 1648 2580 2

1019 2615 1157 2673 Flammea
1168 2633 1216 2686 pro
1230 2617 1333 2673 meritis
1343 2615 1454 2671 iulaotia
1469 2617 1521 2671 teia
1533 2625 1705 2672 tremescunt.

1019 2707 1114 2778 Angeli
1125 2705 1343 2779 corripiuut'jam
1353 2705 1421 2777 jam,
1438 2706 1636 2778 prohibentque
1646 2707 1762 2777 precari,

1020 2797 1054 2854 bt
1068 2798 1210 2868 probibent
1224 2813 1298 2855 seras
1309 2798 1452 2869 penitendo
1467 2796 1579 2854 lunderc
1593 2813 1696 2867 voces,

1019 2888 1132 2959 lamque
1145 2903 1256 2960 mecum
1270 2890 1358 2956 reaia,
1375 2890 1482 2946 damma
1497 2891 1633 2960 ueniente,
1651 2898 1776 2962 negatur.

1018 2979 1042 3037 0
1057 2982 1147 3037 miseri
1159 2982 1165 3034 i
1179 2981 1284 3050 quoties
1298 2980 1375 3036 uobis
1389 2978 1480 3035 diuina
1502 2988 1621 3050 potestas

1019 3070 1151 3126 lnnotuitl
1166 3068 1277 3141 quoties
1291 3069 1419 3138 majestas
1428 3070 1534 3140 cognita
1548 3071 1623 3126 ueril

923 3182 926 3188 ¹
952 3214 958 3226 ,
980 3137 1005 3204 0
1021 3159 1139 3217 Audistis
1153 3161 1270 3231 sonitus,
1284 3160 1392 3217 vidistis
1404 3161 1509 3232 lulgura
1524 3165 1597 3230 coeli,

1019 3251 1134 3308 assidue
1149 3251 1251 3320 pluuias
1262 3263 1404 3308 tenturum
1420 3261 1448 3308 et
1461 3254 1599 3322 grandinis
1608 3254 1664 3310 iras

1018 3341 1144 3414 sapernt
1158 3345 1264 3413 quoties
1276 3353 1421 3413 noctesque
1435 3342 1546 3412 diesque
1561 3359 1673 3401 serenas

1018 3433 1149 3505 'l'empora
1164 3432 1284 3490 lecundta
1297 3434 1397 3490 dabant
1409 3448 1519 3489 munera
1537 3435 1630 3492 robisl

177 3523 306 3579 Prasinus
320 3521 382 3577 inde
395 3522 473 3591 nitet,
487 3521 560 3577 illinc
571 3521 750 3576 carbunculus
762 3518 859 3588 ardet,

176 3614 392 3685 smaragdusque
407 3612 474 3682 lapis
487 3610 614 3669 micantia
634 3612 737 3668 lumina
763 3609 859 3666 lundit.

179 3704 227 3760 llic
241 3716 269 3759 et
281 3703 422 3760 odorileris
434 3714 581 3760 nascuntur
592 3703 716 3759 cinnama
730 3702 824 3772 virgis,

178 3798 212 3853 lit
226 3798 319 3854 uiridis
334 3800 423 3854 laetum
437 3806 542 3869 gratum
552 3797 698 3869 cunilagrat
712 3809 860 3852 aromatum.

178 3889 227 3945 llic
240 3889 313 3959 jacet
324 3890 422 3958 ingenti
434 3890 565 3945 radiatum
581 3888 691 3943 luminis
706 3902 812 3956 aurum,

179 3981 212 4035 Et
225 3993 334 4035 nemora
344 3979 396 4032 alta
412 3987 505 4034 teneus
515 3980 621 4035 llorenti
637 3980 739 4034 uertice
751 3979 863 4044 coeium,

178 4071 236 4128 lios
256 4071 301 4129 ubl
329 4071 401 4127 nulla
415 4085 479 4126 suas
492 4069 612 4127 detenuit
626 4077 693 4125 tetra
705 4068 841 4135 tenebras,
1023 4069 1057 4124 lit
1066 4069 1164 4123 bunius
1178 4068 1257 4124 siccis
1270 4082 1379 4135 pressus
1391 4066 1498 4123 reduxit
1509 4067 1610 4133 arenis,

179 4165 281 4235 lacque
322 4164 425 4220 insidia
455 4159 520 4233 [que
549 4158 648 4231 metus]
679 4161 843 4234 polreqnea
868 4159 960 4216 limine
1024 4161 1057 4225 El
1069 4159 1192 4230 genitura
1207 4159 1291 4213 neum
1305 4172 1354 4228 per
1366 4158 1456 4214 omnio
1472 4159 1532 4214 leta
1544 4157 1655 4213 latetur:

866 4249 968 4324 leura,

1024 3523 1075 3582 ier
1087 3525 1211 3580 habunde
1224 3539 1311 3591 rosas,
1322 3523 1441 3593 lrugibus
1451 3539 1501 3580 nec
1511 3525 1598 3580 deluit
1608 3536 1702 3594 aestas,

1022 3619 1173 3671 eutramnus
1188 3615 1259 3670 saria
1273 3613 1422 3684 prebuerat
1437 3615 1512 3670 mitia
1528 3630 1617 3684 poma,

1023 3706 1134 3777 Semper
1149 3707 1235 3763 hiems
1246 3707 1322 3763 laetas
1332 3706 1452 3778 glacialis
1462 3706 1542 3775 lregit
1556 3707 1652 3760 oliuae.

1023 3795 1123 3853 Cuncta
1142 3796 1190 3852 bei
1205 3795 1298 3852 tribuit
1310 3797 1427 3863 bonitas,
1442 3810 1492 3852 nec
1504 3795 1589 3852 deluit
1610 3811 1739 3866 unquam.

1022 3885 1077 3942 Nec
1092 3901 1140 3955 per
1152 3896 1224 3942 tanta
1239 3885 1324 3942 lieom
1336 3899 1421 3956 genus
1440 3885 1520 3940 sciuit
1534 3885 1694 3941 humanum.

1022 3979 1107 4036 'lerra
1122 3981 1206 4036 beura
1223 3980 1328 4046 metuit,
1345 3989 1441 4050 pontus
1459 3978 1507 4035 liei
1529 3987 1595 4033 nutu
1610 3977 1748 4049 pependit.

658 4503 963 4613 ANONYMI
1000 4505 1320 4612 EPISTOLA

959 4692 1001 4736 sn

768 4792 956 4858 SOROREM
979 4797 1221 4860 attolluntur.

893 4926 1102 4941 *-

215 4981 359 5062 Splendida
382 4987 542 5061 uirginitatis
567 4987 726 5045 castimonia
753 4987 874 5049 florentis
900 4993 1816 5073 prae·1)tatisindoli,candidointegritatisrestimentoincorrupta

181 5081 256 5144 dita,
279 5079 440 5151 lymphaque
467 5080 576 5150 superni
604 5079 690 5135 laticis
714 5079 841 5136 mellillua
868 5084 974 5142 cmlitus
1026 5087 1138 5156 adaque
1161 5086 1311 5153 decoratae,
1341 5088 1498 5161 caelestique
1525 5092 1636 5162 gurgitis
1664 5092 1735 5149 unda
1765 5095 1820 5151 late

182 5169 309 5238 irrigata,
342 5168 426 5222 nobili
454 5185 507 5224 oon
536 5172 622 5226 sulum
652 5171 753 5227 carnali
784 5175 973 5243 generositatis
1026 5176 1158 5233 maturantis
1185 5177 1240 5232 uiri
1265 5186 1292 5234 et
1313 5192 1421 5249 semper
1441 5180 1600 5236 abundantis
1631 5192 1737 5250 potatae,
1763 5197 1818 5238 non

152 5335 154 5338 .
182 5261 304 5333 prosapia
319 5259 427 5329 uirgini,
439 5274 532 5316 rerum
546 5262 629 5318 etiam
641 5263 725 5334 (quud
740 5267 909 5334 prestantius
919 5270 972 5336 esti
1024 5269 1111 5324 solutu
1144 5268 1276 5325 exteriore
1312 5271 1459 5327 litterarum
1488 5270 1587 5338 studio,
1614 5286 1708 5332 uerum
1735 5274 1817 5329 etiam

181 5351 311 5423 spirituali
326 5349 462 5420 dignitatis
473 5349 575 5406 bonore
587 5353 726 5423 insigniter
736 5365 862 5425 comptae,
873 5355 972 5414 Christi
1025 5358 1153 5415 interiore
1167 5358 1264 5415 dirinae
1278 5362 1397 5416 scientiae
1411 5359 1470 5416 luce
1484 5359 1632 5426 illustratas,
1647 5362 1692 5429 tt,
1715 5362 1818 5431 absque

182 5445 338 5502 ancillarum
356 5442 415 5499 lete
431 5441 526 5513 iugum
541 5441 589 5497 liei
602 5445 763 5512 gestantium
784 5449 971 5517 gubernatrici,
1025 5449 1195 5518 praecedente
1221 5451 1377 5505 meritorum
1404 5451 1577 5518 adminiculo,
1601 5452 1647 5517 N..
1670 5454 1818 5523 spiritualis

181 5548 210 5594 et
234 5538 391 5594 monastice
418 5536 627 5593 conversationis
654 5551 775 5593 normam
805 5543 971 5612 regulariter,
1028 5541 1110 5595 cilicii
1147 5540 1329 5596 murriircentia
1362 5540 1484 5611 iungens,
1513 5542 1539 5598 in
1566 5543 1688 5613 angulari
1716 5543 1816 5614 lapide,

181 5625 341 5684 authenticis
368 5627 514 5696 priscorum
537 5626 647 5681 Patrum
673 5625 806 5696 lurmuiis,
831 5633 976 5687 commisso
1027 5632 1134 5688 cbristo
1149 5633 1443 5704 uidelicet-optabilem
1458 5634 1582 5691 salutern.

181 5715 232 5773 sibi
245 5717 320 5788 gregi
333 5717 615 5791 indaietsepraebenti,
628 5734 678 5777 nec
692 5735 745 5777 noo
758 5720 865 5793 inclyta
877 5722 976 5794 puber·
1064 5722 1162 5780 Fateor
1192 5725 1316 5781 charitati
1342 5735 1448 5796 restris,
1483 5736 1622 5799 postquam
1655 5725 1818 5790 Britanulcts
