3832 6114
201 283 255 341 eet
526 279 555 337 S.
578 279 745 351 nertstert
766 277 957 338 elocutust
977 281 1236 339 nnetttnt‘tscot’t
1255 281 1331 339 ΟΡΡ.
1353 281 1443 339 titus
1462 281 1507 338 tlt.
1782 287 1835 345 888

201 393 350 466 suspicient
365 392 392 450 in
404 391 504 450 eoelum
518 392 587 448 dixit
602 412 608 448 ι
627 391 660 447 fn
679 409 770 447 monna
784 401 852 458 enea,
867 390 989 460 nomiae,
1004 394 1136 464 Aopibus
1148 393 1497 460 devotissimeconlouebat,
1513 393 1725 465 forenspnernm
1740 412 1835 460 secura

200 483 351 541 commendo
374 485 495 552 spiritum
519 501 623 549 rnenm,
651 483 781 539 redemisti
808 499 856 543 nte.
882 483 991 540 Domlne
1043 482 1069 538 in
1086 483 1209 538 manibus
1222 484 1289 548 suis,
1306 498 1386 555 quem
1401 492 1509 538 sanetus
1536 492 1640 556 martyr
1659 483 1772 544 Lirinus
1785 507 1838 546 un·

199 573 271 631 flens
292 576 417 630 enitatis.
448 575 551 631 interea
565 573 710 646 supradicti
727 566 823 630 iratres
838 573 991 631 walbertus
1043 572 1160 643 perrime
1182 572 1307 645 desasto
1320 571 1392 629 fonte
1407 573 1517 637 levarit,
1534 573 1678 644 imponens
1696 578 1723 634 ei
1736 594 1836 635 nornen

199 676 228 725 ef
253 667 367 735 neniae,
391 667 505 722 ministri
519 667 631 731 diaboli,
654 666 810 735 irruperunt
829 665 856 720 in
870 679 944 733 eum,
963 674 991 720 et
1042 663 1146 720 liticine
1159 664 1247 720 adltoo
1262 665 1290 720 in
1304 663 1383 719 albist
1399 662 1464 733 Quae
1477 672 1540 720 ante
1555 664 1623 723 alios
1638 681 1735 724 omtres
1745 670 1837 740 erupit

200 756 294 813 ntnltis
321 756 407 829 plagis
433 756 557 828 irrogatis
581 757 614 811 ad
630 756 754 812 ultimum
769 739 991 826 decapitaverunt
1041 757 1070 813 in
1093 742 1292 829 lacrymabilem
1318 769 1423 821 rocem,
1445 755 1552 811 beattmt
1569 755 1654 812 uirum
1670 757 1837 816 illuminato-

201 849 340 905 doetorem
354 863 409 905 stne
422 847 528 904 salutis.
552 847 586 903 Et
603 847 756 904 ridentibus
769 847 886 912 eunetis,
899 849 989 903 anima
1042 862 1099 904 rem
1114 847 1209 918 patriae
1223 846 1397 903 innocentem
1412 846 1637 916 esse,etin1uste
1660 856 1714 903 ιιιιι
1736 851 1837 908 crude

201 940 260 1010 eins
274 940 309 996 ab
323 940 426 1012 angelis
448 948 584 1009 suscepta,
610 937 708 994 meruit
732 948 834 994 secreta
859 938 991 994 scandere
1042 940 1096 997 lem
1109 949 1223 996 mortem
1238 939 1305 1011 pati.
1318 939 1393 995 Tune
1417 939 1525 995 satelles
1544 940 1651 998 Satanae
1666 940 1834 1012 walbertus,

200 1033 262 1090 eseli
275 1048 336 1089 cunt
349 1046 445 1102 magna
457 1031 581 1088 claritate
593 1030 714 1088 roefestis
727 1031 992 1102 glutinosissima
1043 1031 1224 1088 infiammatus
1241 1046 1257 1086 a
1277 1029 1396 1096 diabolo,
1411 1029 1532 1087 insiliens
1555 1032 1582 1086 in
1602 1047 1674 1105 eam,
1690 1033 1837 1106 bipennula

198 1139 289 1183 antem
306 1125 478 1182 beatissimus
493 1125 613 1194 pontifex
623 1133 651 1182 et
661 1136 763 1198 martyr
771 1125 870 1182 Christi
883 1126 992 1183 Lirinus
1041 1139 1091 1181 sna
1106 1134 1186 1194 capnt
1200 1125 1258 1195 eius
1273 1141 1322 1197 per
1335 1125 1451 1183 medium
1472 1126 1561 1193 scidit,
1576 1142 1636 1198 qna
1654 1129 1747 1185 statim
1761 1131 1837 1200 erpi·

200 1216 285 1284 pridie
297 1215 359 1272 fdus
371 1214 542 1281 Nouembris,
557 1225 687 1286 regnante
701 1215 815 1272 Domino
826 1215 990 1272 nostrolesn
1043 1218 1126 1285 rasit,
1143 1216 1302 1273 infantulum
1318 1228 1409 1274 autern
1425 1232 1473 1288 per
1487 1227 1541 1274 tres
1555 1228 1645 1289 partes
1657 1220 1755 1286 secuit,
1769 1235 1836 1291 guar

75 1383 79 1391 ¹
197 1304 317 1373 christo,
333 1306 378 1376 qul
401 1306 455 1360 s'nft
473 1321 559 1361 earnes
583 1307 699 1361 borsines
723 1307 808 1361 enfoor
830 1306 899 1377 pieri,
915 1314 944 1362 ef
956 1310 990 1361 ad
1040 1308 1118 1380 toxa
1134 1324 1232 1378 corpus
1247 1310 1318 1367 beati
1335 1311 1461 1381 martyris
1471 1309 1558 1366 Lirini
1574 1310 1698 1384 proiecit.
1713 1310 1837 1370 ennam

199 1398 365 1468 agnitionem
381 1398 621 1464 ueritatisrenire,
648 1398 694 1468 gui
721 1412 782 1453 eum
798 1397 855 1455 lieo
871 1399 950 1454 Patre
964 1408 992 1455 et
1042 1416 1087 1457 me
1101 1402 1173 1457 enim
1188 1400 1309 1457 creditur
1332 1416 1380 1456 eos
1399 1401 1512 1472 gloriam
1539 1402 1662 1474 martyrii
1684 1403 1787 1461 lrabere
1806 1405 1835 1462 in

197 1490 298 1563 Spiritu
310 1501 404 1548 sancto
420 1492 486 1548 uiuit
501 1501 529 1547 et
543 1505 637 1562 regnat
659 1507 707 1563 per
718 1491 808 1547 omnia
822 1491 921 1548 saccula
937 1507 990 1548 sa·
1042 1505 1116 1551 sorte
1131 1496 1279 1552 venerandi
1294 1495 1428 1564 pontificia
1445 1504 1472 1550 et
1492 1498 1618 1567 martyris
1631 1496 1733 1554 titini.
1748 1497 1838 1554 bissi·

198 1584 329 1639 cnlornm.
1042 1585 1100 1656 puli
1115 1582 1181 1641 uero
1207 1585 1328 1642 tulerunt
1340 1599 1439 1653 corpus
1452 1585 1489 1655 pii
1503 1587 1633 1657 magistri,
1649 1597 1678 1643 et
1690 1597 1784 1658 partes
1802 1590 1838 1646 de

198 1732 202 1739 ,
231 1672 433 1744 cognoscentes
455 1683 545 1729 antem
570 1672 622 1729 boo
647 1672 745 1731 lactum
765 1673 886 1731 illustres
901 1672 949 1729 riri
963 1683 990 1729 et
1041 1673 1203 1742 corpusculo
1218 1673 1342 1729 infantuli
1367 1683 1395 1730 et
1408 1685 1556 1743 posuerunt
1581 1677 1680 1746 pariter
1692 1678 1721 1733 in
1735 1693 1840 1736 mona-

197 1764 312 1832 feminae,
328 1768 371 1835 gni
390 1781 437 1836 per
450 1766 510 1836 ejus
524 1767 674 1824 doctrinam
693 1766 835 1822 illuminati
850 1776 924 1835 sunt,
938 1749 1028 1824 re·B
1044 1777 1136 1823 mento
1157 1768 1208 1825 sibi
1235 1769 1366 1839 angelicis
1390 1769 1512 1826 manibus
1539 1780 1699 1840 praeparato,
1725 1771 1837 1828 beatam

199 1864 298 1912 nerunt
322 1865 465 1927 gementes¹
482 1867 510 1914 et
539 1860 675 1928 plorantes
697 1859 730 1913 ad
754 1858 986 1930 beatumcorpus.
1042 1859 1842 1936 ortoqueErapaltildetnmartyremcbristiseorsimsepe-

200 1943 272 1999 lnter
284 1959 353 2014 nuos
367 1953 425 2001 erat
440 1947 566 2016 predicta
591 1956 712 2003 matrona
728 1947 910 2018 Erapalrildis,
928 1966 988 2021 quas
1041 1950 1143 2009 fierunt
1156 1967 1240 2024 prope
1252 1952 1406 2024 sepulerum
1421 1952 1492 2010 beati
1506 1953 1633 2028 martyris
1643 1953 1743 2011 lirini.

198 2034 380 2092 miserabilem
403 2037 489 2092 rirnm
515 2040 541 2094 ln
566 2038 711 2110 hospitium
737 2040 863 2108 babebat,
889 2049 917 2097 et
931 2040 988 2099 suis

204 2180 1834 2210 -—--———--—-—--------——---..

748 2287 807 2366 ΙΙ.
838 2289 905 2367 ΒΕ
932 2291 1276 2371 POENITENTtn

232 2526 248 2556 ¹
266 2515 406 2586 Quomodo
425 2528 569 2586 possumus
585 2515 771 2587 poeniteniam
785 2525 888 2588 neptem
902 2532 987 2575 anno·
1037 2531 1062 2578 et
1075 2523 1174 2578 dimitte
1187 2522 1282 2577 delicte
1300 2537 1367 2577 meo.
1389 2521 1481 2579 faciat
1500 2521 1552 2578 boe
1569 2536 1619 2596 pro
1637 2537 1693 2578 uno
1706 2522 1763 2580 dte
1784 2524 1838 2593 Qui

196 2624 256 2664 rum
271 2608 298 2664 in
318 2622 373 2663 uno
387 2623 458 2664 anuo
477 2606 619 2678 penitere.
637 2606 799 2665 Triduanam
818 2624 868 2681 pro
879 2609 987 2681 triginta
1038 2615 1097 2671 nult
1109 2614 1230 2672 confiteri
1245 2622 1355 2686 peccata
1365 2629 1495 2680 sancum
1509 2615 1634 2687 lacrymis
1644 2615 1772 2672 oondtsri
1783 2616 1837 2674 de·

195 2701 290 2756 diebus
304 2709 331 2755 et
345 2699 469 2756 noctibus
484 2700 601 2755 cantatio
616 2699 791 2769 psalmorum.
818 2715 869 2756 ott
885 2699 987 2757 Psalle-
1037 2705 1094 2772 bet,
1116 2709 1179 2776 tptia
1199 2705 1326 2779 lacryma
1344 2706 1450 2763 veniant
1470 2721 1523 2762 non
1542 2706 1694 2776 postulant,
1708 2706 1760 2762 sed
1775 2720 1838 2763 mg.

195 2794 232 2847 fil
245 2805 294 2861 li⁰
308 2806 344 2849 ¹¹¹
358 2792 506 2859 menllblis
521 2806 570 2861 ffio
581 2807 635 2848 ⁰¹¹⁰
647 2793 691 2850 (Ῑῑθ
705 2809 721 2849 b
736 2792 854 2864 Plllmffi
867 2801 896 2851 ⁶²
907 2793 986 2865 ‹tntn-
1037 2810 1143 2858 rentur.
1159 2801 1246 2872 noges
1260 2799 1449 2870 presbyterum
1464 2807 1494 2854 ut
1507 2797 1603 2861 missae
1620 2805 1712 2853 cantet
1726 2811 1779 2867 pro
1790 2811 1836 2863 ae.

195 2897 247 2951 gne
262 2880 367 2939 uicibus
382 2881 461 2938 Peter
473 2892 568 2938 noster.
584 2882 669 2940 ltem:
684 2900 733 2955 pro
748 2899 802 2939 uno
814 2884 860 2942 dia
872 2894 986 2955 quatuor
1036 2892 1089 2948 pist
1100 2893 1155 2948 sint
1164 2892 1278 2948 crimina
1289 2890 1425 2961 capitatia,
1437 2905 1497 2958 gua
1507 2889 1656 2944 debacante
1667 2888 1760 2943 ferare
1770 2901 1838 2943 euru

194 2976 297 3037 rieibns
310 2974 386 3031 nean
401 2976 562 3034 immaculati
576 2985 604 3033 el
617 2991 664 3033 sex
679 2976 782 3034 tinibus
801 2976 923 3033 Miserere
936 2976 987 3033 nter'
1038 2983 1174 3056 lacrymis.
1188 2982 1311 3040 Cantatio
1323 2982 1402 3038 ttnins
1415 2983 1505 3038 missae
1517 2977 1755 3051 ponetdnodecirn
1771 2978 1839 3035 dies

193 3069 275 3136 bene,
286 3079 313 3126 et
326 3070 446 3141 quinque
457 3069 561 3127 ricibns
576 3068 656 3124 Pater
670 3079 765 3138 noste,
778 3080 806 3127 et
819 3069 986 3140 septuaginta
1037 3076 1186 3143 redimere;
1209 3075 1303 3132 dacem
1327 3074 1419 3131 missae
1441 3081 1557 3144 quatuor
1586 3084 1705 3135 menaes;
1734 3070 1841 3140 riginti

194 3161 295 3217 risibus
310 3167 484 3230 prosternens
497 3175 527 3217 se
541 3161 569 3216 iu
584 3171 654 3217 terra
669 3176 731 3218 oum
747 3159 827 3216 Pater
841 3171 929 3216 noster
942 3159 986 3216 di·
1037 3168 1128 3224 missa
1142 3179 1341 3232 peromnem
1359 3166 1468 3237 triginta
1489 3164 1578 3220 missa
1592 3159 1733 3219 duodecim
1754 3176 1840 3217 men.

193 3263 236 3307 cat
250 3251 414 3311 inflectione.
429 3252 574 3311 Faciatsie
587 3269 636 3325 pro
649 3269 703 3312 nno
715 3253 769 3311 die.
782 3254 812 3311 st
827 3253 883 3310 roft
897 3254 987 3311 minus
1038 3273 1083 3316 ses
1102 3267 1213 3329 ρσιιιιιιι
1230 3258 1375 3315 redimere.
1396 3257 1425 3314 Si
1446 3256 1502 3313 rult
1520 3255 1669 3319 confessor,
1687 3267 1755 3313 esse
1773 3267 1841 3311 en·

192 3343 320 3421 psallere,
333 3354 420 3401 tames
436 3345 492 3403 rnlt
505 3353 607 3416 patere,
623 3352 775 3418 prosternat
787 3358 817 3400 se
831 3343 986 3416 sternentur
1038 3350 1175 3424 lacrymis.
1190 3349 1246 3406 lleo
1260 3351 1368 3421 gratioe.

193 3434 220 3490 iu
231 3435 472 3494 oratione'eeutnm
482 3435 584 3495 uicibus
595 3445 624 3493 et
633 3437 705 3493 disat
718 3435 841 3491 lfirerere
854 3435 904 3489 mei
915 3434 985 3489 flens

227 3557 243 3587 ¹
262 3548 319 3606 llos
333 3550 523 3624 fragmentum,
541 3550 612 3620 rpuod
627 3547 718 3605 lorsan
737 3563 771 3603 oe
786 3545 887 3617 majore
901 3559 984 3614 opere
1037 3545 1231 3618 seguuntnrad
1242 3544 1348 3602 libellos
1360 3540 1558 3614 penitentiales
1570 3540 1734 3624 pertinentia
1746 3555 1839 3612 uagus

191 3619 280 3675 solnm
303 3631 409 3688 exstat,
431 3623 545 3686 primurn
568 3619 702 3689 evulgavit
724 3616 840 3673 Labbfos
860 3613 983 3686 (concil.
1037 3618 1101 3674 alibi
1114 3617 1185 3688 quod
1200 3616 1301 3680 sciam,
1319 3614 1402 3671 edita.
1423 3613 1537 3671 iissent
1556 3612 1616 3668 liae
1628 3619 1711 3668 ettam
1725 3627 1755 3669 tu
1768 3610 1837 3669 eod.

192 3688 279 3747 l‘atis.
296 3690 342 3746 fol.
356 3696 410 3746 nol.
426 3690 481 3753 Vll.
497 3706 524 3760 p.
539 3689 620 3760 llissl
634 3703 697 3744 eum
711 3687 763 3742 bac
777 3696 838 3741 nota
852 3684 983 3756 praelixa:
1040 3688 1124 3756 Paris,
1140 3685 1221 3743 l555.
1238 3685 1331 3742 Gttst·

193 3758 222 3816 ln
242 3762 336 3818 eodem
357 3762 451 3819 codiee
469 3759 624 3821 fiscanensi
644 3774 696 3814 ms.
718 3765 825 3828 reperta
845 3764 909 3812 sunt
925 3767 1023 3830 quac

193 3895 1832 3929 Μ

590 4019 666 4096 ttt.
696 4017 975 4098 antonina
1002 3979 1070 4093 nn
1096 4013 1416 4094 vtatnntnns

564 4170 638 4232 01]AE
655 4170 741 4224 ttlslt
757 4170 898 4223 SANCTUS
914 4170 1104 4224 notttttettts
1120 4169 1165 4221 att
1180 4169 1330 4222 SORORE!
1345 4170 1445 4227 stttlt

188 4346 278 4399 Aurea
292 4354 354 4395 aaut
369 4338 462 4398 decem
479 4339 614 4396 transmisi
630 4355 708 4412 poma
722 4342 818 4406 sorori,
1034 4339 1161 4396 llandere
1174 4353 1255 4407 onem
1271 4338 1346 4394 trefas
1360 4345 1443 4395 estet
1458 4346 1568 4410 gustare
1582 4341 1741 4414 profanum,

188 4434 254 4504 Qua
269 4434 295 4488 in
312 4431 384 4504 ligno
399 4431 460 4488 uitae
475 4432 634 4489 crescebant
648 4433 757 4490 floribus
771 4434 860 4501 almis,
1033 4429 1072 4484 Ne
1086 4429 1181 4485 dentes
1195 4428 1327 4484 strideant
1340 4427 1438 4484 fuscati
1452 4438 1527 4499 peste
1540 4430 1669 4503 maligna.

188 4525 260 4582 lilius
274 4524 358 4582 sacris
373 4523 526 4595 pendebant
540 4524 626 4581 dnleia
644 4527 738 4595 retnis,
1033 4519 1142 4575 Talibus
1156 4531 1201 4574 aut
1216 4519 1294 4574 malis
1309 4518 1466 4590 frangantur
1482 4519 1581 4577 loedera
1597 4530 1702 4600 sancta.

186 4619 254 4675 llum
269 4616 372 4688 lignum
390 4617 452 4671 ritae
469 4615 602 4686 pendebat
616 4615 642 4671 in
657 4617 754 4672 arbore
769 4617 874 4673 mortis.
1035 4608 1082 4665 vet
1097 4609 1187 4679 superi
1202 4610 1336 4666 incassum
1351 4609 1496 4678 perdantur
1512 4612 1620 4681 praemia
1636 4613 1727 4684 regni.

187 4708 253 4765 Cum
268 4709 367 4780 quibus
380 4716 409 4763 et
423 4706 517 4764 ludens
532 4707 711 4776 comprendas
724 4708 822 4776 gatrdia
837 4709 908 4774 sitm,
1033 4698 1154 4757 Cernere
1165 4701 1227 4770 giris
1242 4699 1337 4770 poterit
1353 4714 1466 4756 numero
1479 4709 1526 4756 ant
1537 4701 1600 4771 quis
1611 4701 1736 4759 calculus
1750 4715 1844 4778 agnae

190 4803 220 4857 Et
235 4811 261 4859 te
275 4812 394 4858 tentore
409 4799 547 4870 complens
561 4798 703 4855 dulcedine
718 4799 788 4862 rite,
1035 4790 1181 4858 Splendida
1196 4805 1257 4861 quae
1272 4788 1378 4845 stolidis
1392 4791 1516 4860 praestari
1532 4805 1643 4845 munera
1657 4792 1735 4850 sedis

186 4893 350 4950 llandneans
365 4892 449 4947 inulto
464 4890 603 4960 inspiceris
618 4890 733 4945 nectaris
749 4889 856 4967 bunstn.
1036 4884 1057 4939 t
1072 4899 1124 4955 qna
1139 4885 1279 4955 presentis
1294 4883 1468 4939 moderantur
1482 4883 1607 4954 dogmata
1623 4885 1697 4951 rita,

186 4983 325 5053 Spirantes
340 4983 426 5051 replet
441 4982 517 5037 nardi
534 4981 677 5052 fragrantia
693 4995 784 5045 nares,
1035 4973 1123 5043 Alone
1136 4974 1223 5027 lutura
1239 4974 1303 5028 noui
1320 4982 1481 5042 praestantur
1494 4975 1603 5043 praemia
1618 4975 1719 5045 regni?

186 5074 252 5129 Cum
268 5073 364 5144 quibus
377 5080 404 5127 et
417 5073 497 5128 malis
513 5086 653 5141 compares
667 5087 748 5144 regna
765 5068 865 5136 lutrrra,
1036 5061 1140 5118 llitibns
1153 5070 1233 5133 atque
1248 5063 1316 5117 nnsis
1330 5064 1516 5132 compleantur
1529 5063 1601 5134 jussa
1615 5078 1749 5135 superna,

187 5165 278 5222 Dulcia
292 5168 331 5223 sie
345 5166 479 5236 quondam
494 5165 645 5222 celebrabis
657 5163 755 5234 gaudia
769 5164 843 5218 coefi.
1034 5155 1145 5213 Talibus
1158 5155 1303 5210 bornadum
1318 5169 1426 5226 semper
1439 5157 1588 5211 miserebor
1603 5157 1629 5211 in
1644 5174 1749 5216 muniri.

186 5258 256 5315 Sunt
268 5257 320 5312 alia
333 5257 445 5314 alterins
459 5256 525 5328 ligni
540 5256 716 5314 acerbissima
732 5254 812 5322 nraln,
995 5283 1022 5343 ¹..
1034 5244 1128 5302 lntani
1143 5245 1256 5301 mortale
1270 5260 1355 5315 genus
1369 5246 1511 5301 airtntiltns
1524 5246 1613 5312 almis,

187 5348 318 5408 Pestifero
333 5358 447 5405 ternant
460 5364 521 5421 qua
536 5349 563 5404 in
577 5348 650 5420 ligno
664 5346 759 5403 mortis
773 5361 882 5413 ostiara,
1024 5334 1156 5425 ⁸imperiis
1171 5335 1285 5391 Domino
1298 5337 1401 5406 soporis
1417 5335 1572 5393 famularier
1584 5337 1656 5404 alto;

184 5447 249 5513 Quae
261 5441 346 5499 Adam
356 5443 521 5497 manducans
530 5440 587 5495 dira
596 5449 638 5495 est
645 5453 706 5493 oum
717 5450 803 5494 morte
815 5447 943 5508 peren-on
955 5449 979 5490 s.
1034 5427 1140 5483 Tetrica
1153 5426 1283 5483 muttdani
1295 5427 1400 5481 calcent
1412 5433 1441 5482 uf
1456 5426 1557 5481 ludicra
1570 5426 1662 5498 lutus,

185 5532 285 5591 litleeta
298 5533 399 5603 anlirptl
416 5531 534 5601 tlafngne
549 5538 577 5586 ef
592 5528 655 5584 lelle
669 5530 794 5585 droconis
1035 5519 1138 5590 Regni·
1153 5520 1264 5584 ⁰¹³ffl⁰ir
1280 5517 1411 5575 co¹³¹⁰i¹¹¹¹¹
1428 5517 1481 5572 ⁰¹1²
1496 5518 1577 5587 ¹⁰85&

188 5622 307 5692 liparea,
324 5635 353 5680 nt
366 5623 465 5678 dudum
480 5634 554 5692 sepe
568 5619 685 5691 maligna
701 5635 805 5676 ueneno
1036 5612 1076 5666 Ad
1092 5612 1211 5681 requiem
1228 5619 1257 5665 ut
1271 5611 1381 5667 tendant
1394 5611 1492 5667 animae
1508 5611 1620 5680 pulsabo
1634 5623 1781 5672 tonantem
1798 5634 1805 5672 :

187 5708 289 5766 llitatur
302 5711 398 5784 palmis
414 5715 471 5768 liaeo
486 5725 622 5782 ntttrrptam
639 5721 747 5780 tangere
762 5709 847 5779 virgo,
1036 5707 1118 5761 Actus
1134 5704 1175 5761 rel
1191 5703 1254 5759 dicti
1270 5719 1316 5759 sert
1330 5717 1425 5760 sensns
1440 5713 1484 5759 aut
1499 5703 1584 5760 vincta
1601 5705 1732 5760 resolvat.
