3832 6114
119 262 176 319 :llll

719 284 953 344 insurrecturi
968 286 1013 342 DE
1027 286 1082 344 llll:
1101 285 1230 344 tdblctl.

1708 293 1760 348 258

121 372 1758 414 —--————----.-.................-..„........

321 515 574 624 VERSUS
613 523 680 629 ΙΝ
718 525 1034 634 HONOREM
1073 521 1554 634 APOSTOLORUM

873 726 1006 783 scurras,

528 850 597 904 nun
617 850 746 905 AUCTOR
761 852 934 906 ecclesus!
955 852 1066 905 EORUM
1088 852 1185 905 ΗΘΜ
1208 853 1377 908 inluster.

893 983 984 998 —

567 1039 714 1101 [Servantur
725 1043 749 1091 in
761 1039 848 1092 Farieii
860 1037 944 1091 libello
959 1040 992 1088 de
1003 1038 1057 1091 Vita
1068 1042 1198 1094 sidicino.
1219 1045 1309 1109 Graes]

123 1215 177 1273 ilie
184 1210 345 1271 celebranda
359 1210 433 1268 rudis
446 1209 565 1268 florescit
575 1211 659 1282 gloria
674 1213 778 1282 templi,

124 1306 250 1376 Limpida
262 1319 323 1375 quae
337 1305 407 1360 sacri
422 1303 510 1375 signat
524 1304 622 1360 resilla
637 1305 782 1375 triumpbi;

124 1397 177 1454 llic
187 1397 282 1454 Petrus
297 1404 325 1451 et
335 1395 443 1460 Paulos,
460 1394 598 1451 tenebrosi
613 1396 713 1452 lumina
729 1397 833 1462 mundi,

125 1488 259 1556 eraeerpur
273 1488 367 1544 Patres
381 1488 470 1560 populi
485 1487 530 1559 qui
546 1488 622 1544 irena
636 1490 795 1558 gubernant,

124 1578 298 1634 Carminibus
312 1578 498 1634 crebrissima
512 1587 675 1633 uenerantur
689 1579 715 1634 in
731 1578 802 1633 aula.

124 1667 251 1738 Clariger
262 1667 400 1735 aetlrerius,
416 1678 522 1737 portum
538 1668 584 1740 qui
599 1668 693 1738 pandis
707 1667 735 1722 in
749 1668 844 1733 aetlrrs,

123 1760 247 1817 Candida
260 1759 389 1816 coelorum
405 1759 548 1816 recludens
562 1775 644 1831 regna
659 1760 799 1827 Tonantis,

125 1851 231 1907 Esauii
244 1852 362 1907 clemens
377 1851 536 1922 populorum
547 1861 610 1905 rota
624 1858 792 1921 precantum,

124 1941 243 1999 flaccida
254 1943 298 2015 qui
312 1943 396 2014 riguis
411 1943 566 1998 humectant
580 1942 710 1998 imbribus
724 1957 789 2008 ora;

124 2034 240 2104 Suscipe
254 2034 390 2106 singultus
403 2034 546 2091 commissa
562 2032 647 2104 piacla
661 2045 825 2103 gementum,

120 2126 174 2194 Qui
188 2141 268 2196 prece
279 2125 405 2198 fragranti
421 2133 525 2182 torrent
536 2125 691 2196 peccamina
703 2124 775 2181 rite.

933 1217 958 1273 Α
974 1209 1104 1265 Maximus
1117 1226 1151 1266 err
1166 1211 1260 1271 doctor
1275 1215 1382 1284 Paulus,
1394 1221 1526 1278 recitatos
1538 1221 1572 1277 ab
1586 1238 1638 1280 are

972 1304 1079 1369 Saulus,
1094 1305 1139 1375 qui
1154 1306 1241 1362 dictus
1253 1319 1355 1364 mumro
1371 1313 1480 1368 nomine
1491 1314 1600 1380 Paulus,

970 1396 1037 1451 Cum
1053 1411 1165 1465 cuperes
1178 1397 1286 1456 Christo
1297 1399 1400 1471 priscos
1409 1417 1565 1475 preponere
1579 1406 1657 1472 ritus,
1677 1468 1680 1474 ,

971 1487 1034 1542 Post
1049 1486 1174 1542 tenebras
1188 1488 1288 1544 claram
1303 1491 1407 1562 coepisti
1423 1507 1535 1551 cernere
1547 1495 1651 1561 luccen
1748 1511 1751 1517 ¹

975 1574 1092 1630 Vocibus
1105 1584 1228 1630 orantum
1243 1593 1314 1633 nune
1327 1594 1406 1635 aures
1421 1583 1507 1651 pande
1520 1582 1660 1654 benignas,

971 1665 1005 1719 iit
1016 1672 1087 1719 tutor
1104 1665 1225 1721 tremulis
1239 1681 1299 1723 cum
1314 1668 1393 1725 Petro
1408 1672 1514 1742 porrige
1530 1672 1670 1739 dextram,

972 1755 1053 1810 Sacra
1066 1756 1265 1827 frequentantes
1279 1759 1347 1814 aulae
1360 1762 1403 1830 qui
1417 1760 1507 1816 limina
1524 1763 1655 1832 lustrant;

971 1843 1107 1910 Quatenus
1122 1845 1166 1902 lrie
1180 1848 1313 1902 scelerum
1327 1850 1406 1904 detur
1420 1850 1583 1922 indulgentia
1596 1869 1704 1927 perpes,

969 1930 1052 2001 Larga
1065 1933 1098 1988 de
1113 1935 1211 2004 pietate
1224 1937 1309 1991 linens
1322 1946 1350 1991 ct
1364 1937 1439 1994 tonte
1453 1954 1580 2010 superno,

969 2021 1060 2092 [lignis
1072 2024 1117 2093 qni
1133 2039 1269 2096 nunquam
1281 2028 1387 2098 populis
1401 2031 1529 2101 torpescit
1543 2033 1569 2087 in
1581 2050 1681 2090 aeronr.

426 2382 888 2506 rnnonnnrun
925 2399 1006 2501 nn
1047 2400 1151 2504 nin
1190 2404 1445 2546 rnnrcn,

834 2599 874 2642 UT
897 2599 1047 2643 stobrum.

825 2711 1044 2724 ...-..-—---

382 2772 435 2835 [Est
448 2774 472 2822 in
483 2769 543 2822 Cod.
563 2768 640 2821 Paris.
656 2767 732 2830 851&
747 2775 841 2819 textum
854 2775 881 2819 ct
890 2781 990 2822 sensnm
1003 2769 1055 2819 aliis
1067 2767 1247 2832 expediendum
1261 2769 1382 2834 relinquo.
1395 2772 1485 2838 dress.)

497 2906 499 2910 ⁴
551 2900 636 2952 NUNC
647 2900 772 2953 PRlllUll
785 2900 919 2966 sollum,
934 2901 995 2953 SED
1007 2900 1113 2952 l'rLoE
1122 2900 1331 2954 conuertunt.

113 3095 171 3149 Cur
187 3105 241 3149 non
256 3088 395 3158 exaliqua
412 3086 497 3157 possit
510 3087 667 3158 contingere
683 3096 747 3143 nota

114 3187 183 3254 Quae
198 3184 283 3240 luerat
294 3183 431 3254 quondam
445 3180 490 3251 qui
503 3181 605 3237 riserat
618 3191 681 3237 aute
694 3182 819 3254 liguram,

116 3289 158 3335 ne
171 3277 340 3348 similemque
352 3289 409 3330 suas
419 3273 514 3344 jubeat
528 3288 668 3346 resurgere
679 3273 784 3342 formae,

116 3370 184 3424 Cum
198 3370 252 3424 sint
263 3366 353 3422 omnia
366 3365 426 3432 liei,
441 3365 536 3420 reddet
549 3381 664 3434 namque
677 3367 767 3422 omnia
783 3374 889 3435 pontus.

117 3460 209 3517 'lellus
220 3453 425 3530 iussa'reromit
438 3456 567 3528 quidquid
583 3466 738 3514 contexerat
751 3456 826 3513 olim.

117 3551 146 3609 Si
159 3566 218 3622 qne
232 3551 300 3606 torte
311 3548 383 3621 rogis
398 3547 521 3604 dissoluit
534 3547 641 3603 damma
652 3549 759 3620 sopitis,

119 3647 173 3700 Aut
185 3644 301 3714 aliquem
315 3641 399 3698 rastis
412 3639 553 3697 absorbuit
565 3656 658 3711 equor
670 3643 696 3697 ln
712 3641 800 3708 undis,

120 3736 151 3792 Si
166 3735 296 3805 citiusque
309 3734 378 3789 lame
391 3732 553 3788 devorarant
566 3732 667 3788 viscera
682 3732 779 3802 pisces,

116 3825 175 3880 Aut
187 3824 270 3878 lisere
283 3821 346 3876 ierre
358 3820 474 3876 crudelia
489 3820 582 3878 lunera
597 3822 735 3888 membris,

117 3917 236 3971 Alitilrus
247 3915 333 3984 jacuit
347 3924 421 3983 rapto
432 3915 465 3970 de
479 3929 594 3985 corpore
608 3916 727 3985 sanguis,

119 4005 217 4061 Ultima
230 4019 280 4059 nee
296 4002 407 4059 domino
418 4005 554 4076 negabunt
567 4005 661 4059 lunera
674 4017 837 4075 quemquam

118 4101 256 4166 Apparere
268 4096 324 4152 ileo
338 4095 412 4152 risos
426 4096 460 4152 de
476 4103 563 4152 morte
579 4110 690 4152 neeesse
702 4105 755 4160 est,

117 4187 325 4257 liesumptisque
340 4188 398 4243 suis
411 4186 535 4242 homines
547 4198 637 4244 astare
651 4187 753 4256 liguris.
831 4192 835 4197 ’

118 4284 226 4340 Semina
240 4284 281 4340 sic
291 4283 372 4354 jactis
387 4282 534 4338 creduntur
547 4284 621 4337 arida
637 4283 730 4350 terris,

119 4373 153 4429 lit
167 4374 273 4444 penitus
284 4374 390 4445 pressis
402 4383 545 4444 parescunt
558 4382 663 4429 mortua
676 4375 769 4439 sulcis,

118 4463 182 4520 inde
194 4463 324 4520 recreatis
336 4463 471 4519 animatur
482 4464 587 4519 culmus
599 4462 702 4518 aristis.

119 4557 160 4610 En
173 4557 271 4612 iterum
284 4556 354 4611 rivis
367 4564 531 4626 granescunt
545 4553 625 4611 lortia
640 4555 741 4625 granis,

118 4644 376 4718 Concurruntque...
391 4646 468 4703 rasio
482 4661 543 4702 eum
556 4647 650 4702 tenore
664 4660 776 4702 messes.

119 4736 214 4792 Sidera
229 4747 327 4795 cuncta
341 4736 452 4803 cadunt,
469 4737 565 4792 iterum
581 4745 708 4792 renovata
723 4736 873 4800 lucescunt,

119 4828 152 4882 Et
165 4828 222 4882 dies
236 4828 263 4882 iu
277 4827 363 4883 derisa
376 4829 490 4883 moritur
502 4842 564 4883 eum
578 4826 679 4882 lumine
691 4835 788 4891 nocte;

116 4918 218 4988 Solque
232 4920 320 4985 cadit,
337 4919 488 4988 iterumque
502 4919 572 4974 redit
584 4918 635 4972 sub
651 4917 751 4975 lumine
765 4918 874 4980 emittm,

116 5008 201 5061 ortos
213 5016 241 5063 et
254 5005 281 5062 in
296 5007 379 5063 rutilo
394 5006 508 5078 fulgebit
518 5008 586 5064 orbe
602 5017 723 5078 peraeto.

118 5098 176 5153 lnrx
191 5099 260 5169 perit
273 5098 397 5154 umbrato
411 5100 537 5156 veniente
551 5115 665 5171 vespere
677 5101 789 5170 mundo,

119 5187 153 5242 tn
165 5197 268 5243 remeat
282 5198 341 5244 toto
355 5200 519 5260 renovatque
534 5192 628 5263 gaudia
642 5193 733 5247 smclo.

119 5278 166 5334 Sic
176 5289 303 5340 renovata
315 5294 365 5336 suo
380 5280 445 5337 risit
457 5283 492 5339 de
504 5283 597 5339 torrere
611 5284 733 5352 plroenir,

118 5372 305 5441 Exemploque
315 5386 380 5428 suos
393 5373 518 5430 volucres
532 5376 648 5444 resurgit
661 5376 689 5430 in
703 5377 797 5433 hortus

117 5460 152 5515 Et
167 5461 266 5516 nudata
282 5461 354 5518 loliis
369 5462 552 5533 suo‘tenrpore
563 5465 786 5532 fructicatarbor,

115 5549 209 5621 Atque
223 5551 320 5607 iterum
335 5554 423 5621 pomis
434 5563 580 5609 comantur
591 5557 712 5625 germina
727 5557 805 5612 rami.

119 5642 191 5713 Ergo
206 5650 262 5697 uta
274 5657 340 5698 roce
355 5645 455 5700 inundo
469 5655 603 5702 tremente
616 5647 719 5716 diuina,

253 5732 400 5795 Panos.
423 5735 604 5799 lxxxix.

924 3094 949 3154 Β
966 3089 998 3143 lit
1012 3088 1118 3158 penitus
1134 3091 1232 3158 pressis
1248 3090 1391 3147 virtutibus
1403 3094 1511 3151 aetheris
1525 3098 1603 3165 altis,

961 3179 1037 3235 'l'unc
1049 3179 1138 3251 lragor
1149 3179 1283 3251 ingenitus
1297 3190 1326 3235 et
1338 3184 1453 3239 marinna
1468 3201 1605 3248 murmura
1617 3195 1695 3259 roeli,

961 3271 1139 3327 Promovente
1154 3271 1210 3328 lien
1222 3273 1348 3331 veniente
1355 3275 1444 3343 iudice
1457 3282 1562 3338 mundi.

961 3361 1086 3417 Protinus
1100 3360 1231 3418 innumeri
1244 3378 1407 3421 concurrere
1420 3366 1460 3422 ire
1474 3370 1602 3430 rninistri.

961 3451 1169 3522 Conrallantque
1184 3453 1267 3509 ileum
1279 3468 1339 3511 cum
1354 3457 1495 3526 majestate
1505 3462 1609 3521 celesti.

962 3546 1088 3616 Angeliea
1102 3548 1163 3603 latae
1175 3547 1341 3604 descendens
1354 3550 1460 3621 agmina
1471 3554 1561 3620 terris,

961 3639 1061 3695 Omnes
1075 3641 1159 3694 nuntii
1174 3640 1232 3705 liei,
1247 3639 1344 3710 quibus
1357 3649 1400 3696 est
1417 3643 1509 3699 dirius
1524 3646 1650 3714 lacultas;

962 3730 1106 3800 Praecipue¹
1120 3728 1204 3786 torma
1218 3730 1323 3784 virtutis
1342 3731 1454 3800 spiritus
1468 3748 1572 3788 omrres.

961 3821 1058 3891 lgneus
1073 3819 1115 3874 liis
1129 3821 1204 3890 rigor
1215 3830 1256 3876 est
1268 3830 1295 3876 et
1306 3820 1443 3875 nobillima
1459 3835 1572 3893 corpora
1583 3827 1652 3883 coelo

963 3912 1009 3968 llis
1021 3912 1112 3967 dirina
1128 3912 1234 3983 migrat,
1249 3911 1276 3966 in
1292 3921 1376 3967 totum
1390 3913 1494 3969 intonat
1507 3915 1592 3973 retiner

963 4003 1010 4058 llic
1022 4003 1158 4072 trepidans
1173 4011 1244 4059 terra
1258 4004 1363 4073 penitus
1376 4006 1502 4060 uniuersa
1516 4010 1640 4080 remugit,

963 4094 1119 4149 racionem
1133 4093 1266 4162 homines,
1277 4109 1344 4165 quos
1358 4094 1474 4153 reddere
1484 4097 1557 4164 iussa
1569 4100 1689 4157 debebit.

961 4187 1092 4243 blirantur
1105 4186 1228 4252 comites,
1243 4186 1381 4241 turbantur
1395 4186 1512 4257 denique
1524 4191 1618 4260 nimbi,

962 4281 1041 4333 Astra
1055 4276 1149 4332 mirata
1164 4276 1257 4332 tabent
1269 4278 1359 4334 subito
1370 4278 1475 4335 uirtutis
1489 4281 1522 4336 ob
1533 4284 1599 4350 alto,

962 4369 1050 4438 Atque
1064 4366 1190 4422 inclinata
1200 4366 1316 4424 [lumino
1330 4369 1494 4426 descendere
1505 4372 1575 4429 coelo

922 4464 945 4525 c
962 4462 1030 4517 lline
1042 4460 1152 4530 jubente
1166 4460 1222 4516 [leo
1236 4459 1312 4516 lacile
1325 4477 1385 4518 cum
1402 4479 1468 4520 rocc
1481 4468 1593 4535 potenti.

961 4554 1096 4610 Coiitinuo
1109 4553 1193 4621 ruptis
1207 4565 1253 4621 per
1266 4552 1355 4606 omnia
1366 4568 1446 4624 regna
1461 4558 1610 4625 sepulcris,

963 4645 1056 4700 Omnis
1072 4643 1168 4698 humus
1180 4644 1250 4699 tretis
1264 4641 1378 4700 elirrndit
1391 4645 1506 4703 biatibus
1520 4664 1591 4715 ossa,

964 4733 1143 4803 virentesque
1146 4769 1264 4791 ..........
1281 4734 1392 4804 populos
1414 4746 1517 4791 eructat
1530 4753 1621 4794 arena.

965 4828 1073 4884 liserent
1086 4824 1203 4881 membra
1216 4826 1312 4891 cornis,
1325 4834 1469 4881 nectuntur
1481 4843 1543 4882 ossa
1557 4830 1696 4892 medullis.

963 4918 1139 4986 Consertique
1149 4925 1244 4985 regunt
1258 4914 1385 4984 spirantia
1396 4930 1510 4985 corpora
1523 4919 1608 4986 uerri,

965 5008 999 5064 Et
1009 5007 1088 5062 simul
1102 5006 1195 5060 inlusae
1209 5011 1350 5059 orerentur
1367 5003 1495 5072 sanguine
1510 5019 1596 5072 rensc,

965 5101 1139 5168 Dimissisque
1153 5097 1227 5152 caris
1239 5095 1338 5149 anirnae
1351 5095 1499 5152 redduntur
1512 5102 1633 5169 apertis,

963 5196 1068 5264 Organa
1083 5205 1195 5261 quaeque
1205 5205 1251 5245 soa
1266 5198 1390 5258 repetunt
1407 5194 1543 5262 surgentia
1556 5206 1662 5251 cuncta.

964 5285 1035 5343 Prob
1048 5283 1167 5340 miranda
1182 5280 1272 5351 quies!
1290 5280 1332 5333 irie
1345 5281 1433 5335 omnis
1456 5284 1568 5353 pullulat
1587 5296 1661 5341 retas.

965 5374 1081 5430 Pullulat
1093 5372 1201 5442 antiqua
1215 5379 1382 5426 mortuorum
1395 5373 1506 5440 pulnere
1521 5384 1602 5427 terra.

968 5467 1065 5522 llatres
1078 5472 1158 5533 atque
1171 5461 1222 5518 riri
1237 5460 1348 5532 repetita
1360 5461 1418 5517 luce
1434 5470 1592 5531 resurgunt,

967 5553 1124 5625 magnanimi
1136 5553 1260 5622 juvenes,
1272 5551 1346 5622 pueri
1361 5551 1532 5620 innuptaeque
1546 5549 1652 5619 puellae.

969 5644 1145 5715 Delurrctiqoe
1160 5657 1239 5700 senes
1251 5641 1349 5698 animis
1363 5640 1510 5695 uirentibus
1520 5640 1630 5712 adsunt,
1676 5659 1693 5670 ‚,

1499 5729 1538 5790 lo
