3832 6114
141 311 213 371 {eqo
642 302 840 362 eleuterius
859 302 1078 362 CASSlNENSiS
1094 301 1291 363 uousctltls.
1703 304 1772 366 tlibi

140 435 168 482 et
180 421 318 494 orpbanos
332 420 359 476 lu
374 418 562 475 tribulationes
582 432 674 473 eorum
694 420 839 487 adiuratc3
863 430 928 487 pau·
944 419 1155 479 Abouricidium
1177 431 1204 475 et
1222 419 1403 485 adulterium,
1420 418 1639 487 fornicationem,
1656 420 1773 493 lurtum,

138 532 219 589 peres
233 525 262 572 el
280 529 375 570 omnes
394 526 566 582 oppressosa
583 511 672 581 pratis
692 509 864 575 hominibus,
886 508 930 563 tei
981 510 1078 568 laisum
1104 511 1309 578 testimonium,
1334 511 1499 580 perjurium,
1526 513 1703 579 ebrietatem,
1729 516 1770 569 rel

135 617 172 671 ee
194 607 288 677 iniquo
304 603 406 673 judicio
425 611 453 656 et
471 611 599 670 quantum
619 602 747 672 potestis,
767 598 930 670 adiutorium
982 602 1025 659 itis
1045 602 1142 658 similia
1165 602 1288 658 mortalia
1307 602 1421 658 eriruina
1443 608 1610 669 perpetratus
1634 600 1730 665 luerit,
1746 605 1770 659 si

134 704 277 769 prestito.
293 693 426 750 iudicium
443 701 546 747 rectum
561 706 668 762 semper
682 700 710 748 el
721 689 852 762 justitiam
868 704 933 745 eon·
981 695 1169 769 paenitentiales
1185 709 1238 750 uon
1258 693 1359 764 equit,
1374 702 1402 747 et
1415 691 1601 762 eleemosynas
1615 691 1702 759 justas
1718 707 1771 746 non

140 794 270 853 metatu
287 782 501 840 misericordiam
526 781 552 837 in
573 781 696 837 omnibus
718 782 816 849 iacite;
838 795 931 850 pacem
982 784 1098 851 iecerit,
1123 794 1151 841 el
1173 786 1199 839 in
1223 784 1301 839 bonis
1323 782 1450 852 operibus
1472 795 1525 835 uon
1549 782 1772 850 perseveraverit,

141 894 203 934 cum
228 876 353 932 omuibus
376 882 404 930 el
427 874 479 945 ipsi
500 875 529 930 in
550 874 627 930 robis
641 874 757 942 babcte;
779 883 808 931 ol
820 884 874 931 ‘ent
888 875 932 946 qui
964 894 967 899 ·
987 891 1124 946 uunquam
1140 873 1251 931 intrabit
1266 875 1293 929 in
1308 886 1392 943 resno
1405 872 1472 940 bei,
1487 885 1540 927 nec
1555 871 1700 940 possidebit
1713 872 1774 941 qlo-

141 968 280 1026 discordes
294 975 358 1024 sunt
372 966 404 1020 ad
420 965 591 1021 concordiam
606 975 740 1023 revocate.
788 1018 790 1022 ,
983 969 1053 1025 riam
1068 978 1219 1031 sternam
1237 979 1301 1021 oum
1322 963 1430 1018 diabolo
1450 962 1597 1019 madet
1610 964 1635 1018 in
1651 962 1773 1031 icioma,

177 1059 335 1130 Symbolum
347 1068 374 1112 et
385 1057 540 1113 Oralionem
551 1056 717 1114 dominicum
730 1070 757 1114 et
767 1059 819 1127 ipsi
831 1069 932 1128 tenete,
984 1061 1043 1130 qrtia
1056 1059 1199 1129 Apostolus
1210 1055 1274 1111 dicit
1285 1072 1292 1108 ι
1304 1055 1355 1120 Qui
1366 1054 1431 1108 talin
1440 1062 1531 1122 nmini,
1545 1068 1652 1122 requem
1663 1051 1712 1107 liei
1722 1069 1774 1107 non

144 1159 172 1205 et
191 1150 259 1205 lilios
277 1158 304 1205 el
322 1149 393 1204 illias
413 1158 520 1204 vestras
538 1149 650 1219 docete,
667 1159 695 1205 ut
709 1159 736 1205 et
749 1151 799 1221 ipsi
814 1160 931 1208 teneant.
984 1152 1157 1223 possidebunt.
1172 1148 1287 1204 Proinde
1301 1149 1429 1214 seriptum
1441 1154 1504 1200 ess:
1520 1143 1692 1214 Nequaquam
1706 1144 1774 1197 ilem

143 1242 226 1298 Filios
241 1258 307 1311 quos
322 1259 356 1298 er
373 1244 446 1300 lonte
460 1247 618 1316 suscepistis
634 1247 660 1301 in
676 1247 819 1318 baptismo.
837 1249 934 1303 scitote
984 1244 1189 1315 delinquentibus
1201 1242 1300 1314 parcit,
1310 1242 1432 1311 nemim
1445 1249 1603 1306 peccatorem
1614 1247 1661 1292 eat
1672 1239 1776 1309 qloqelio

142 1348 190 1387 ros
206 1334 379 1403 fidejussores
393 1345 442 1405 pro
467 1337 508 1393 eis
530 1339 600 1407 apud
624 1339 706 1395 ὓιιιιιι
731 1340 865 1396 exstitisse
879 1358 886 1407 ;
906 1349 933 1396 et
984 1338 1122 1405 temporale
1132 1339 1165 1390 nd
1178 1337 1356 1406 purqetiotrrttt
1368 1333 1443 1402 imit,
1455 1341 1502 1385 eat
1512 1331 1717 1402 oternoq'udicio
1730 1347 1776 1396 pu-

142 1422 204 1479 ldeo
228 1439 276 1480 eos
299 1426 394 1482 docete
409 1443 534 1498 semper,
551 1440 577 1485 ct
598 1430 741 1501 corripite,
758 1443 784 1488 et
799 1433 860 1487 illos
875 1448 934 1487 om-
984 1430 1106 1484 alendum
1127 1427 1265 1497 relinquit,
1283 1433 1331 1479 out
1355 1427 1409 1493 ipre
1431 1425 1459 1478 ιἰι
1476 1439 1504 1480 re
1524 1424 1600 1477 bomo
1619 1424 1689 1492 quod
1711 1424 1778 1475 necle

143 1527 192 1568 nes
206 1514 331 1571 subditos
346 1527 469 1588 vestros,
486 1529 514 1572 ιιι
529 1521 641 1588 sobrie,
656 1530 684 1577 el
700 1533 792 1589 caste,
808 1533 836 1578 ct
846 1523 933 1592 juste,
985 1519 1124 1588 commisit,
1138 1517 1268 1589 puniendo
1281 1524 1386 1587 purqol.
1399 1513 1441 1569 lta
1452 1515 1563 1583 proinde
1574 1526 1609 1568 ert
1623 1514 1691 1583 quod
1708 1511 1776 1567 lietu

140 1603 251 1669 ritant,
276 1607 376 1676 saepius
398 1607 559 1679 adntonete,
583 1622 664 1682 atquc
684 1613 933 1684 corrigitestatint.
985 1612 1139 1683 delinquenti
1154 1627 1204 1664 non
1218 1611 1311 1678 percit.
1334 1607 1449 1663 stilibi
1469 1607 1599 1675 seriptum
1615 1613 1676 1660 est:
1693 1603 1776 1657 Nullo

142 1697 181 1753 Es
198 1698 279 1753 eorde
298 1709 325 1753 et
346 1714 394 1755 ore
415 1698 533 1770 proierle
555 1706 714 1771 ueritatem;
738 1705 886 1762 castitatem
907 1716 935 1762 et
986 1715 1088 1774 perroto
1109 1703 1192 1757 inulto
1213 1701 1320 1757 dimittit
1344 1700 1431 1765 Deus,
1447 1701 1496 1753 boe
1506 1707 1561 1763 ort,
1577 1697 1634 1751 sine
1647 1695 1776 1759 uindicta,

141 1788 334 1846 continentiam
350 1799 441 1848 tenete
455 1809 463 1859 ;
478 1793 650 1851 sobrietatem
672 1807 701 1853 el
721 1799 878 1868 parcitatem
899 1801 933 1856 de
949 1767 1047 1867 Bquia
1072 1806 1145 1849 certe
1169 1802 1215 1847 aut
1240 1806 1290 1848 nos
1315 1791 1358 1845 bie
1385 1788 1579 1845 vindicabimus
1600 1796 1707 1858 peecata
1728 1801 1778 1839 nn-

141 1887 204 1946 potu
226 1887 254 1933 et
266 1880 328 1935 cibo
348 1879 473 1938 habetote
487 1899 495 1949 ;
517 1880 649 1954 ieiunium
673 1897 782 1954 amate;
811 1889 933 1945 seniores
984 1895 1038 1939 stra
1056 1899 1103 1954 per
1118 1883 1302 1951 paenitentiam
1315 1921 1322 1945 ,
1337 1891 1383 1935 aut
1397 1880 1514 1934 vindieat
1527 1880 1572 1934 ilis
1588 1880 1658 1933 Deus
1674 1895 1721 1946 per
1734 1892 1776 1932 se·

141 1969 286 2034 bonorum
298 1970 420 2040 juniores
432 1972 536 2029 resiros
550 1975 576 2030 itt
587 1975 688 2032 Christi
701 1990 793 2034 antote
804 1979 933 2048 spiritua·
984 1974 1122 2030 veritatem
1138 1973 1242 2044 iudicii·
1258 1972 1292 2029 El
1305 1971 1374 2027 iilud
1393 1971 1545 2027 mistim
1563 1969 1683 2032 credite,
1706 1968 1777 2039 utilit!

142 2058 202 2114 liter
216 2061 338 2131 diligite,
353 2070 381 2118 et
395 2065 525 2132 patientes
540 2074 628 2124 estote
642 2067 675 2123 ad
689 2082 793 2124 omnes.
816 2068 933 2125 Beneis·
962 2059 966 2065 '
985 2066 1073 2121 omnis
1088 2067 1179 2131 bomo,
1190 2064 1316 2135 quamvis
1329 2073 1465 2133 peccator.
1479 2063 1601 2134 timii·
1615 2062 1777 2116 criminosus

139 2149 192 2204 cite
209 2149 250 2204 bis
264 2152 309 2220 qui
324 2154 510 2212 resederunt.
525 2155 649 2213 Charitas
663 2168 690 2215 et
703 2159 848 2229 gaudium,
864 2176 931 2232 pax,
985 2154 1097 2222 iniisti,
1113 2164 1210 2226 (rutilis
1226 2156 1295 2212 mi*
1316 2163 1513 2226 willelmi,
1534 2156 1557 2208 ll
1576 2167 1668 2207 voram
1691 2155 1776 2222 poeni·

141 2241 283 2311 parientia,
299 2245 459 2315 benignitas,
475 2248 678 2320 bonitasspcs,
694 2251 771 2318 lidus,
786 2254 930 2321 modestia,
986 2247 1097 2302 tentiam
1121 2246 1224 2317 egerit,
1247 2248 1434 2316 eleemosynas
1455 2244 1541 2314 justas
1566 2243 1679 2307 lecerit,
1702 2252 1730 2297 ct
1752 2244 1779 2296 5¹¹

140 2338 331 2405 mansuetudo,
344 2341 517 2406 continentia,
535 2343 655 2411 castilas,
670 2345 779 2402 dileetio
792 2346 828 2401 sit
841 2347 867 2404 in
883 2362 932 2404 ro·
987 2336 1057 2392 illins
1071 2337 1215 2393 devotione
1227 2352 1289 2393 outtt
1308 2338 1435 2408 operibus
1455 2337 1536 2406 iustis
1556 2351 1629 2390 mors
1642 2336 1719 2390 illum
1736 2336 1778 2388 in-
1851 2414 1854 2418 ι

141 2429 197 2496 Ιιιι,
212 2439 240 2484 et
254 2432 304 2486 ltoc
319 2433 345 2485 in
369 2432 446 2488 bonis
460 2437 666 2505 cogitationibus
680 2445 708 2494 el
721 2438 834 2510 eloquiis
849 2452 876 2495 ct
890 2457 934 2497 sa·
986 2434 1109 2498 venerit,
1123 2448 1257 2504 nunquam
1271 2433 1419 2499 iniemurn,
1433 2433 1479 2488 sod
1493 2433 1529 2486 ab
1541 2433 1643 2502 anqelis
1655 2431 1778 2485 elevatur

141 2519 195 2574 crit
208 2521 336 2588 operibus
348 2532 516 2579 conservate.
533 2524 715 2583 Humilitatem
730 2537 829 2596 tenete,
844 2535 932 2586 omitia
988 2528 1014 2583 in
1030 2527 1146 2593 eoelum,
1162 2537 1188 2583 et
1202 2527 1313 2596 gloriani
1327 2525 1473 2596 possidebit
1485 2535 1622 2578 aeternam.
1639 2522 1715 2579 llnde
1729 2522 1780 2576 ilo-

140 2610 285 2677 custodite‚
304 2621 385 2667 totam
406 2629 483 2682 spem
502 2625 618 2672 vestram
639 2619 666 2673 in
687 2618 801 2677 Domino
822 2624 932 2694 ponite;
985 2620 1074 2674 minus
1088 2619 1174 2673 dixit:
1190 2619 1251 2672 Non
1262 2618 1423 2690 judicabitur
1436 2617 1513 2671 bisin
1527 2615 1650 2684 idipsum.
1666 2615 1698 2668 iit
1711 2618 1780 2682 spo·

142 2700 241 2755 lunum
259 2700 359 2770 aliquid
374 2702 401 2758 in
415 2718 538 2760 sermm
552 2707 691 2775 videritis,
704 2710 739 2764 ad
754 2709 802 2766 Ilei
822 2713 934 2784 glorians
984 2710 1069 2765 stolus
1092 2710 1157 2764 dicit
1171 2726 1178 2764 ι
1194 2708 1226 2764 st
1239 2723 1285 2763 noa
1303 2709 1480 2780 jsesnrrnur
1494 2746 1502 2774 ,
1516 2708 1606 2776 utique
1628 2722 1644 2758 ιι
1670 2703 1781 2757 ilondno

142 2801 284 2861 reputate,
300 2795 345 2864 qui
359 2795 435 2850 robis
451 2794 502 2852 lroc
516 2797 611 2865 dedit,
624 2814 678 2855 non
693 2801 727 2854 ati
741 2813 858 2858 vestram
875 2805 934 2860 lau·
985 2818 1037 2856 nou
1052 2803 1265 2870 dijudicaremur,
1279 2801 1334 2856 boc
1347 2808 1405 2869 est,
1421 2808 1450 2855 ut
1465 2799 1512 2854 iile
1532 2800 1576 2867 qui
1595 2798 1641 2852 liic
1661 2797 1687 2850 in
1711 2812 1780 2866 prm-

143 2880 217 2938 dem.
230 2882 263 2937 Et
275 2885 373 2939 malum
387 2885 546 2942 in'roscum
559 2888 936 2966 videritis,restrareulpmer
988 2904 1093 2952 sentem
1107 2895 1193 2949 silam
1213 2894 1331 2962 seipsum
1352 2907 1400 2961 per
1422 2891 1607 2962 poenirentiam
1627 2889 1729 2960 indicat
1748 2887 1781 2942 ari

144 2973 316 3043 negligentiis
332 2979 428 3032 restris
444 2975 496 3033 boc
514 2979 607 3036 sciatis
625 2994 640 3035 a
661 2982 738 3039 robis
759 2985 868 3041 lactum.
886 2987 933 3043 'li-
986 2986 1137 3057 judicium.
1156 2988 1255 3041 iterum
1271 3001 1324 3040 non
1341 2984 1542 3054 dijudicabitur,
1556 2983 1600 3053 qui
1616 2983 1659 3036 liic
1673 2986 1698 3035 in
1714 2996 1782 3050 prae·

142 3073 214 3119 mete
225 3065 317 3134 judieii
331 3067 420 3134 diem,
436 3077 464 3125 et
485 3071 621 3139 pavescite
640 3072 812 3144 gebennam
828 3077 936 3134 deside·
991 3088 1068 3134 sente
1083 3077 1139 3133 vita
1156 3077 1321 3133 terminabit.
1344 3075 1420 3133 Unde
1439 3077 1566 3144 scripnum
1587 3081 1647 3129 ert:
1669 3072 1781 3139 Quodsi

142 3165 201 3209 rate
214 3155 296 3210 ritum
308 3166 437 3214 aeternam
448 3175 456 3226 ;
469 3162 645 3232 cogitationes
658 3173 686 3220 et
700 3167 779 3222 rerba
791 3180 839 3224 seu
852 3185 933 3239 opera
989 3189 1035 3228 tter
1049 3173 1161 3244 perfecte
1175 3164 1349 3242 punitorum
1367 3170 1485 3244 ιιφίιιιιι,
1506 3183 1558 3222 nott
1576 3167 1659 3222 soient
1679 3176 1779 3220 nostros

144 3256 235 3301 restra
260 3248 306 3303 diu
330 3261 465 3322 noctuque
487 3266 596 3325 semper
621 3254 649 3311 in
669 3257 768 3313 bonurn
789 3263 931 3318 custodite.
989 3263 1079 3336 culpes
1100 3262 1169 3318 Deua
1190 3263 1315 3327 dintittitr
1337 3262 1383 3317 ssd
1405 3268 1464 3332 pest
1486 3260 1577 3331 culpor
1599 3258 1705 3327 prumia
1720 3272 1781 3327 pro·

143 3337 299 3396 Transitum
316 3352 436 3398 restrum
454 3344 488 3399 du
504 3345 685 3415 boemundo,
708 3352 752 3420 qui
766 3367 874 3423 semper
887 3370 934 3425 ap·
987 3357 1076 3411 mittit.

143 3430 304 3501 propinquat
328 3435 402 3489 omni
426 3434 471 3490 die
491 3448 609 3502 sperate.
634 3438 770 3509 Praecepta
787 3442 833 3499 bei
856 3443 934 3503 iactis
1027 3447 1106 3513 ideo,
1132 3444 1247 3515 iratres,
1272 3445 1431 3500 lestinemus
1450 3443 1505 3515 jam
1531 3442 1675 3498 ementiore
1701 3445 1781 3497 ritant

142 3519 263 3589 quotidie
276 3522 432 3593 adimplete,
445 3533 474 3581 el
487 3525 522 3580 de
535 3525 585 3581 ilci
599 3529 783 3586 misericordia
799 3548 933 3603 nunqnam
989 3550 1126 3603 nostram,
1139 3546 1172 3593 ut
1188 3536 1316 3606 quidqud
1339 3536 1408 3590 male
1427 3544 1520 3590 eotrtra
1544 3533 1590 3588 llui
1611 3543 1778 3603 preceptum

147 3611 316 3680 desperetis;
332 3625 361 3670 et
374 3616 444 3685 quod
460 3616 511 3671 sibi
526 3616 586 3686 quis
602 3619 658 3674 lieri
674 3633 727 3674 nnn
748 3623 825 3693 ruit,
839 3625 882 3680 olii
899 3643 933 3683 ne
987 3630 1122 3695 lecimus,
1137 3628 1283 3683 deileamus
1296 3634 1325 3682 el
1338 3624 1530 3688 emendemus,
1542 3633 1572 3678 et
1592 3622 1705 3677 ulterius
1727 3637 1781 3677 ιιιιιι

146 3699 225 3757 iaciat
240 3720 247 3757 :
262 3713 290 3759 ct
304 3714 377 3771 prout
393 3705 470 3759 otrltir
483 3716 511 3759 ut
525 3708 622 3776 {crunt
636 3710 706 3765 uniit
720 3711 834 3771 dominer
850 3719 936 3787 bonu,
987 3733 1147 3791 peccemus,
1162 3726 1190 3774 et
1203 3728 1394 3773 conservemus
1407 3730 1457 3770 nos
1474 3716 1502 3769 in
1516 3715 1585 3768 ltoaa
1601 3713 1738 3768 voluntate
1750 3721 1778 3767 et

145 3803 170 3849 et
191 3808 234 3847 nor
256 3793 331 3862 sorite
356 3794 409 3850 illis
428 3797 554 3852 similiter.
577 3798 740 3858 Cbaritatem
755 3813 862 3874 autern,
878 3824 937 3876 quie
987 3812 1150 3883 cogitatione
1174 3819 1244 3865 reeta
1268 3823 1330 3864 eom
1354 3808 1444 3863 verbis
1465 3804 1638 3874 stuporibus
1660 3808 1778 3871 satietis,

143 3891 186 3938 est
200 3885 311 3940 dilectio
327 3885 373 3941 Dei
388 3894 416 3942 el
431 3888 543 3957 proximi
560 3890 587 3945 in
602 3892 725 3948 cornibus
739 3909 908 3953 conservate.
987 3903 1135 3958 ausiliante
1148 3911 1175 3957 qr
1189 3902 1359 3971 pubemque
1374 3898 1488 3955 Domino
1506 3910 1602 3954 mr„
1620 3897 1685 3953 ιω,
1703 3900 1781 3953 cbri-

175 3975 304 4034 Nemore
318 3980 529 4049 circumreniat,
545 3981 660 4049 iratres,
675 3985 737 4056 quia
750 3991 837 4044 omnis
854 3990 935 4047 ltorno
986 4003 1039 4061 sto,
1055 3996 1173 4064 quicum
1189 3993 1269 4049 Putre
1283 4000 1312 4048 et
1322 3991 1422 4060 Spiritu
1437 4001 1530 4046 macto
1551 3990 1617 4045 risit
1636 4001 1664 4046 et
1685 3997 1780 4058 reqrtut

142 4070 188 4138 qui
212 4081 272 4139 post
296 4073 457 4139 baptismum
483 4078 606 4132 mortalis
633 4080 746 4135 erimina
773 4085 932 4152 committit,
989 4087 1061 4144 Deus
1077 4085 1226 4158 peremnia
1240 4085 1340 4140 saecula
1355 4082 1527 4140 seculorum.
1541 4084 1635 4140 brnen.

140 4217 1777 4289 Μ

783 4380 869 4427 astro
890 4384 1005 4428 uoutttt
1028 4376 1142 4430 nccix.

522 4537 1398 4774 suestanus

699 4886 950 4950 casstnutists
969 4888 1198 4956 ltottsctttJS.

853 5009 1074 5031 ffi———n

554 5092 1032 5175 tuuo'rffluilcttba
1062 5096 1350 5180 HISTORICA.

702 5290 783 5352 (l‘etr.
796 5291 865 5342 iliae.
876 5291 919 5341 litu
931 5293 966 5343 de
975 5291 1027 5344 llic.
1040 5291 1132 5345 illustr.
1147 5307 1170 5346 c.
1184 5294 1219 5358 ι.)

174 5459 322 5531 Cyprianus
338 5461 477 5531 presbyter
491 5462 540 5517 sub
556 5461 705 5518 Petronaee
725 5462 862 5519 abbatem
880 5479 927 5520 eo·
985 5467 1093 5522 undum
1108 5466 1261 5543 descripsit.
1274 5464 1379 5523 claruit
1392 5475 1481 5522 sutem
1493 5465 1656 5538 temporibus
1670 5467 1777 5535 Leonis,

137 5548 200 5603 dem
217 5549 398 5621 (Cassinensi)
415 5554 541 5608 eoenobio
561 5553 710 5607 ntnnacbus
738 5552 833 5618 iactus,
849 5554 883 5610 de
900 5557 929 5609 tl.
984 5561 1152 5618 Constantini
1165 5570 1193 5617 el
1216 5562 1291 5618 irene
1305 5565 1507 5631 imperatorum.

138 5636 277 5696 Borterlicti
294 5643 428 5700 miraculis
445 5644 573 5714 ltyntnutn
586 5645 611 5700 in
624 5642 682 5713 ejus
699 5641 843 5699 festivitate
866 5660 930 5702 cett·
