3832 6114
130 289 183 349 en
520 270 655 338 uorans
677 278 855 336 tttssontot
876 276 907 331 m
927 277 955 332 o.
975 273 1178 333 onseontmt
1198 275 1317 334 aaran
1332 277 1379 333 ιιι.
1713 262 1766 338 'soa

136 404 304 461 ,mentonem
330 413 466 455 sacrarum
489 396 645 467 imaginum,
673 394 796 449 ridettoes
816 392 876 456 Ilei,
900 388 1040 457 creden
1067 390 1201 460 principes
1222 393 1387 460 direxerunt,
1422 409 1481 463 qun
1508 404 1535 452 et
1560 398 1616 468 ipsa
1643 402 1766 461 similiter

137 494 243 553 bantini
257 492 341 547 nostri
351 490 414 545 iesu
426 486 536 549 illinisti,
552 497 579 542 et
592 484 735 542 Genitricis
748 485 806 546 eins
820 496 927 552 semper
981 490 1010 537 ut
1027 482 1161 536 anteriora
1175 481 1262 537 ablata
1276 493 1339 538 sunt
1354 500 1368 540 a
1383 483 1476 556 Sergio
1487 488 1598 556 patricio
1614 491 1625 522 ⁸
1637 496 1768 551 extratico

137 588 247 658 uirginis
269 582 445 638 immaculatae
463 589 543 651 atquo
567 578 693 650 gloriosas
716 575 815 639 itariae,
838 574 929 629 beato·
981 570 1064 639 ipsius
1077 570 1170 626 insulae
1184 572 1292 629 Sicilie.
1313 578 1351 629 nc
1369 575 1425 632 tere
1447 592 1495 648 per
1516 589 1577 635 octo
1596 596 1702 640 menses
1723 586 1770 642 de·

135 694 197 735 ηῃι
219 675 414 746 apostolorum,
430 670 589 728 etomuium
611 679 766 722 sanctorum
780 665 928 734 depositor,
983 661 1063 726 tenti,
1090 663 1196 719 remissi
1226 674 1299 730 suttt,
1326 666 1451 724 similiter
1471 683 1533 724 cum
1560 674 1773 743 exprobrationis

137 776 218 835 at3ue
239 767 402 829 destructor,
424 772 453 820 et
476 759 669 830 prophanator,
693 756 735 813 nel
758 755 931 824 blasphemus
979 751 1078 822 injuria
1098 757 1253 824 portitores.
1277 759 1315 812 iit*
1332 759 1427 814 iterum
1448 761 1547 819 inciens
1570 763 1685 821 domm
1707 782 1774 840 papa

134 859 281 926 maheru,
292 856 328 912 sit
341 853 457 910 extorris
471 867 486 906 a
501 864 614 919 corpore
635 858 663 906 ot
682 847 812 917 sanguine
825 846 931 901 bomirri
982 848 1180 907 adhortatorias
1212 853 1316 909 litteras
1344 869 1394 925 pro
1420 859 1555 928 erigendis
1585 861 1775 930 suprascriptis

136 950 225 1007 autri
242 948 305 1005 lesu
317 945 428 1010 Christi,
442 945 484 999 rel
499 941 584 997 totius
597 940 722 996 scelestae
740 939 841 995 unitate
852 946 933 1007 atque
982 939 1068 994 sacris
1084 940 1255 1010 imaginibus,
1276 955 1304 999 et
1317 946 1473 1003 antiadoxae
1486 947 1547 1004 ditet
1572 949 1710 1019 firmitate,
1734 952 1775 1008 di·

136 1055 280 1113 compage,
313 1039 385 1108 quod
421 1047 448 1093 et
480 1034 677 1104 subscriptione
703 1047 750 1089 sua
777 1029 934 1085 solemniter
983 1030 1054 1087 rexit
1065 1045 1113 1101 per
1132 1032 1240 1089 Petrum
1254 1036 1529 1108 deiettsurem‘apnd
1545 1042 1644 1108 regiam
1667 1043 1773 1112 urbem,

140 1135 262 1191 universi
286 1132 436 1186 iirmarunt.
453 1128 511 1183 Et·
527 1127 597 1182 inter
616 1134 715 1181 caetera
738 1122 858 1178 instituta
873 1137 934 1192 pro·
984 1130 1040 1177 tam
1067 1125 1220 1189 anastasio,
1239 1127 1357 1183 invasori
1379 1130 1450 1185 sedis
1464 1129 1774 1206 Constantinopolitano,

141 1225 271 1283 babilium
286 1221 512 1292 praedeeessorum
536 1216 748 1273 orthodoxorum
773 1211 934 1270 Poutillcum
985 1227 1119 1285 quamquo
1130 1216 1295 1289 principibus
1310 1220 1390 1277 Leoni
1404 1233 1432 1278 aa
1444 1222 1629 1283 consummo,

142 1312 330 1375 ‘aonoetenda
345 1319 501 1367 corrnerunt.
1025 1314 1036 1343 ⁶
1057 1305 1106 1361 llio
1125 1321 1269 1364 concessas
1288 1309 1338 1366 sibi
1353 1313 1494 1370 columnas
1507 1329 1555 1372 sea
1569 1317 1717 1389 onychinas
1730 1335 1781 1376 ro·

176 1408 244 1465 Post
266 1413 405 1477 peractum
429 1402 509 1472 igitur
535 1400 586 1456 hoc
613 1406 789 1455 memoratum
813 1396 937 1466 superius
989 1398 1086 1457 labiles
1100 1402 1135 1458 ab
1151 1401 1285 1475 Erttychio
1298 1409 1431 1476 exarcho,
1447 1409 1521 1465 duxit
1537 1426 1583 1468 eas
1598 1412 1625 1468 iu
1639 1414 1778 1470 ecelesiam

141 1496 274 1573 quasiste
295 1495 481 1558 coustitutum,
508 1492 605 1546 iterum
627 1486 640 1528 δ
667 1490 741 1544 misit
764 1487 815 1542 alia
839 1487 937 1556 scripta
989 1488 1060 1545 beati
1075 1490 1148 1548 Petri
1163 1494 1294 1564 apostoli,
1310 1512 1377 1563 quas
1391 1499 1483 1555 statuit
1497 1501 1568 1557 circa
1584 1502 1780 1574 presbyterium

141 1588 351 1651 commonitoria
376 1602 426 1659 pro
447 1583 581 1658 erigendis
603 1583 690 1640 sacris
714 1580 874 1651 imaginibus
891 1594 940 1650 per
990 1588 1053 1635 ante
1069 1582 1285 1652 contessionem,
1300 1596 1355 1643 tres
1369 1604 1385 1643 a
1398 1588 1512 1657 destris,
1525 1602 1553 1649 et
1566 1603 1621 1651 tres
1635 1608 1650 1648 a
1665 1595 1781 1653 sinistris

132 1678 350 1741 (Ξοιιιιιιιιὶιιιιιιι
375 1676 562 1743 deterrerem,
582 1689 642 1744 quse
658 1671 781 1728 similiter
809 1681 837 1727 ut
865 1679 941 1727 ante·
989 1666 1066 1739 iuata
1077 1671 1145 1726 alias
1159 1675 1282 1743 antiquas
1293 1689 1339 1732 sea
1355 1678 1434 1734 'lilio
1448 1694 1541 1750 paret,
1555 1698 1637 1752 super
1651 1700 1717 1754 ques
1731 1700 1782 1757 ρο.

142 1775 219 1835 uara
242 1773 350 1831 detenta
369 1777 440 1828 snut.
457 1771 491 1827 m
514 1770 670 1840 portitorem
691 1782 784 1824 eorum
798 1765 942 1822 tortissima
957 1762 1048 1846 pauit
1063 1762 1166 1832 trabes,
1180 1772 1209 1820 et
1220 1767 1327 1823 restirit
1339 1782 1385 1825 eas
1397 1780 1510 1841 argento
1523 1773 1711 1832 mundissimo.
1727 1777 1738 1809 ⁶
1754 1778 1781 1832 in

143 1867 271 1925 custodia
290 1865 509 1924 constrinxerunt
529 1878 598 1934 pene
612 1877 660 1933 per
680 1877 779 1918 annum
795 1861 940 1930 integrum.
995 1867 1049 1922 quo
1063 1863 1127 1910 sont
1139 1869 1274 1926 expresso
1288 1858 1323 1914 ab
1338 1876 1392 1917 uno
1407 1861 1491 1919 latere
1510 1862 1613 1937 eldgies
1635 1865 1784 1925 saluatoris

141 1959 321 2018 Postmodum
336 1967 426 2013 autem
440 1955 466 2011 ri
487 1954 639 2011 auferentes
652 1954 677 2009 ei
699 1953 808 2023 scripta,
828 1958 856 2009 et
869 1966 943 2006 com·
995 1949 1023 1997 et
1045 1944 1248 2016 apostotorum,
1271 1957 1300 2006 et
1319 1949 1354 2007 ab
1369 1952 1423 2008 otto
1436 1953 1521 2011 taem
1535 1955 1583 2012 pgq
1598 1957 1744 2015 Gpanch,
1759 1971 1786 2015 ω

150 2050 292 2108 ιὶοοιιιοι
316 2048 353 2116 ei,
375 2056 435 2118 post
458 2044 524 2101 tanti
549 2043 678 2115 temporis
696 2042 856 2107 custodiam,
876 2055 943 2096 cum
996 2043 1150 2091 sanomrttm
1167 2039 1311 2110 virginum.
1333 2042 1479 2115 Posuitqae
1499 2061 1581 2117 super
1600 2062 1647 2104 eas
1668 2048 1742 2118 iilia,
1758 2063 1787 2105 et

143 2139 258 2213 iniuriis
272 2149 333 2194 eunt
354 2137 526 2192 remiserunt.
543 2133 608 2189 Nam
628 2140 657 2188 et
669 2141 766 2188 cuncta
780 2129 943 2202 generalitas
997 2123 1008 2156 '
1024 2121 1124 2194 pharos
1136 2138 1295 2201 argenteos,
1310 2148 1388 2204 pens.
1403 2134 1431 2190 in
1446 2150 1528 2192 unum
1543 2137 1592 2195 ttb.
1609 2140 1786 2210 'septuagin-

148 2321 233 2379 nibnt
247 2322 259 2353 ¹
273 2319 496 2391 supplicationum
520 2316 620 2386 scripta
643 2311 805 2370 unanimiter
827 2310 861 2365 ad
883 2323 944 2365 oos-
995 2307 1071 2380 luata
1094 2328 1185 2370 areum
1208 2317 1382 2391 principalem
1396 2325 1407 2358 s
1422 2333 1498 2392 parte
1522 2325 1658 2393 virorum,
1683 2327 1709 2381 in
1734 2342 1786 2396 quo

767 2398 964 2459 vstttntttlis
984 2397 1183 2461 lectiones

191 2506 273 2571 'hl.,
287 2503 432 2560 nortberto.
1038 2492 1133 2549 ‘sod
1148 2495 1204 2551 buo
1207 2534 1318 2567 ......
1332 2499 1470 2570 ioqailsr.

192 2576 285 2633 'cod
301 2575 380 2632 Luc..
393 2569 598 2644 snpplicotiouis.
1039 2563 1048 2593 '
1067 2561 1134 2620 God.
1151 2565 1234 2636 Luc,
1251 2570 1355 2635 phasee,

193 2647 205 2680 ⁸
219 2647 285 2700 t'od.
301 2645 377 2706 bne..
396 2653 419 2699 et
430 2653 551 2712 stratego.
1039 2633 1051 2665 ⁸
1069 2631 1136 2690 Coti.
1151 2635 1236 2705 istim,
1249 2640 1432 2712 septingentas.

194 2715 288 2774 ‘cod
303 2714 379 2776 Luc..
396 2713 440 2768 od.
1041 2704 1052 2736 ²
1070 2702 1137 2760 Cod.
1154 2706 1237 2776 Lae,
1249 2719 1331 2778 parte.

195 2791 207 2822 ⁸
224 2787 280 2854 tlt,
296 2779 700 2856 pilo,·Cod.1.uc.,lithoporios,·
712 2777 943 2850 al.,pltiloporeas.

820 2860 999 2925 tantotttttt
1016 2861 1133 2923 NOTAE.

197 2983 211 3014 ¹
226 2971 298 3028 inter
311 2979 402 3026 caetero
414 2969 541 3023 inuitato.
555 2964 766 3024 cotebentmum
785 2962 953 3046 encyclicum
1005 2960 1071 3044 rios,
1084 2975 1136 3015 non
1143 2961 1228 3047 solium
1240 2964 1362 3034 scriptis,
1368 2966 1503 3024 sedetiam
1514 2968 1591 3026 lactis
1602 2969 1731 3026 aritersos
1743 2971 1794 3027 lm-

164 3039 452 3172 mtetssattte
465 3037 955 3174 tetstt'tttstnettttue:
968 3061 992 3127 c
1007 3038 1793 3182 retientnonantulanensi'attalem

166 3187 234 3243 ains.
260 3183 389 3240 codicem
412 3181 502 3248 itaque
529 3179 656 3247 supponit
678 3176 823 3241 exstitisse,
852 3174 880 3227 in
902 3185 957 3241 quo
1008 3171 1165 3230 hnasmsins
1181 3175 1251 3230 enim
1268 3179 1390 3246 superius
1404 3179 1483 3235 dictis
1495 3181 1568 3235 addit
1582 3196 1643 3237 eunt
1666 3182 1795 3253 imagines

201 3252 323 3310 addeum
335 3251 482 3306 decretales
492 3249 615 3318 epistolae
637 3249 822 3303 insererentur
832 3244 864 3298 ad
878 3242 957 3322 tidem
1008 3241 1156 3299 saltatoris
1169 3255 1198 3300 ot
1212 3249 1394 3314 apostolorum
1408 3264 1442 3305 ea
1457 3265 1508 3305 utta
1525 3260 1615 3320 parte,
1631 3253 1752 3324 ileiparae
1768 3266 1796 3311 et

235 3323 326 3387 udam
341 3320 465 3375 cumdem
484 3333 519 3375 ue
540 3320 568 3373 iu
588 3318 694 3372 scriniis
716 3316 872 3384 apostolicis
895 3315 959 3367 rett-
1001 3321 1163 3369 sanctarum
1173 3315 1305 3386 virginum
1317 3334 1350 3373 er
1363 3320 1447 3375 altera
1460 3322 1487 3376 in
1499 3322 1610 3378 basilica
1623 3322 1710 3379 sancti
1723 3323 1795 3379 Petri

167 3395 243 3469 gipso
261 3391 455 3461 diligenterque
466 3335 558 3444 ‘inisse
585 3399 760 3469 asservatum.
792 3386 828 3468 iit
850 3384 958 3453 quidem
1009 3385 1150 3467 magnilica
1172 3399 1254 3470 opere
1277 3387 1418 3455 erexisse3
1439 3390 1592 3460 ibidemque
1614 3395 1796 3453 construxisse

221 3463 303 3521 tiliois
314 3461 436 3531 Gregorii
459 3460 470 3515 i
491 3475 549 3514 aerrs
563 3458 652 3512 Codex
676 3455 828 3526 huiusmodi
844 3463 957 3522 expete·
1009 3463 1172 3520 oratorium,
1188 3470 1215 3510 tu
1230 3471 1283 3524 quo
1295 3470 1385 3512 sacras
1401 3460 1527 3531 reliquias
1548 3462 1664 3531 usrsiiqns
1685 3467 1796 3531 conqub

203 3547 248 3591 ror
268 3535 295 3589 in
310 3531 455 3601 provinciis
476 3530 509 3582 ad
533 3528 593 3583 ildei
615 3527 816 3596 disciplinaque
841 3525 959 3594 rigorem
1010 3527 1076 3579 sitas
1098 3524 1132 3580 ad
1158 3526 1259 3581 coitum
1285 3529 1423 3596 condidit,
1449 3543 1656 3603 sanctorumque
1677 3533 1797 3588 natalitia

170 3603 353 3662 retinendum.
367 3599 536 3656 secundinus
556 3599 628 3652 enirn
646 3596 792 3652 monachus
806 3595 961 3650 etiuclusus
1011 3597 1096 3649 sacris
1115 3594 1214 3650 oldciis
1233 3605 1261 3652 et
1280 3598 1368 3652 missis
1388 3600 1507 3664 quotidie
1527 3602 1657 3658 celebrari
1673 3603 1796 3657 statuita

169 3675 310 3746 patierata
323 3670 456 3739 Gregorio
468 3669 563 3737 iiagno
573 3670 743 3723 decretorum
756 3665 960 3735 pontilieiorum
1011 3664 1150 3721 monachis
1165 3667 1246 3722 trium
1261 3670 1487 3726 monasteriorum
1509 3671 1564 3727 illie
1585 3672 1699 3728 Domino
1720 3672 1799 3727 mini-

170 3743 393 3809 oasoriptioneut;
409 3741 442 3794 ad
463 3754 543 3808 quem
556 3738 710 3793 rescribens
734 3735 889 3804 Gregorius,
912 3733 960 3789 lib.
1012 3735 1174 3790 strantiumr
1191 3745 1217 3792 et
1233 3737 1339 3792 tandem
1360 3754 1374 3793 a
1394 3740 1534 3795 sacerdote
1553 3742 1580 3796 iu
1601 3743 1658 3807 ipso
1680 3744 1799 3799 oratorio
1820 3748 1825 3759 '

173 3830 224 3881 ru,
236 3812 317 3880 epist.
337 3811 382 3874 iii,
397 3825 458 3880 pag.
477 3808 542 3873 255,
555 3811 592 3862 ait
608 3826 614 3862 ε
632 3808 670 3862 ite
689 3807 891 3861 ordinatioribus
905 3819 962 3859 aero
1013 3805 1108 3860 missas
1121 3813 1218 3875 agente
1232 3808 1301 3864 trano
1315 3808 1462 3865 clausutam
1482 3810 1509 3865 in
1529 3821 1734 3881 canone,‚,post
1753 3813 1798 3868 ills

173 3883 323 3947 ommno
337 3883 404 3937 aedis
426 3881 588 3949 pontificum,
603 3888 690 3933 sttruos
709 3886 766 3948 post
790 3875 963 3930 beatissimum
1014 3875 1093 3930 rerba
1106 3916 1115 3943 ,
1129 3885 1153 3930 et
1167 3878 1280 3930 amrium
1293 3889 1439 3933 secutorum
1454 3889 1573 3946 totorum,
1583 3882 1649 3944 „diei
1663 3882 1800 3939 instituis-

174 3954 259 4011 at‘rsttrt
272 3951 440 4009 flomisdonr
459 3952 544 4021 aliqua
558 3950 609 4004 sint
629 3950 729 4013 addito,
750 3957 832 4002 costm
846 3946 960 3999 chorites
1014 3958 1063 4000 se:
1081 3946 1197 4011 Quorum
1210 3948 1359 4002 solemnitor
1373 3950 1448 4004 bodie
1461 3951 1488 4005 io
1502 3961 1640 4020 marspeotat
1654 3961 1704 4007 tuta
1719 3956 1801 4026 mojo-

173 4024 280 4097 raptts'rit
295 4024 358 4079 :sed
373 4037 451 4091 usqne
463 4024 498 4075 nd
515 4020 602 4093 Vipiiii
619 4034 692 4089 papa
706 4028 821 4086 tempora
834 4017 963 4086 expositas
1014 4016 1087 4069 statis
1106 4018 1255 4082 celebratur,
1282 4016 1392 4073 Domine
1416 4022 1484 4075 Deras
1506 4032 1601 4090 rimor,
1621 4025 1648 4078 in
1668 4032 1720 4077 toto
1741 4024 1801 4079 orbo

175 4095 350 4152 mintium
371 4093 509 4160 praesulum
523 4107 577 4146 esse
590 4099 736 4160 capnoscat.
757 4086 866 4156 Quoties
881 4086 962 4155 igitur
1016 4095 1159 4147 terrorum,
1174 4104 1253 4155 quam
1269 4089 1461 4145 iustitutionem
1479 4093 1619 4147 incudem
1640 4093 1759 4149 oratorio
1774 4096 1800 4147 in

174 4165 335 4222 smemtuurs
349 4162 457 4218 decreta
479 4162 565 4230 aliqua
590 4160 811 4230 castigabantura
834 4155 965 4224 pontilici·
1017 4156 1113 4210 tabuiis
1127 4157 1238 4225 lapideis
1250 4160 1420 4215 conscribere
1435 4161 1506 4218 lenit.
1521 4160 1574 4218 Sed
1589 4164 1639 4220 ltoo
1651 4164 1800 4235 specialiter

166 4236 238 4301 hus,
255 4250 309 4288 utta
322 4248 383 4287 earm
403 4232 577 4301 synodorum,
593 4245 660 4299 quas
682 4229 773 4285 haberi
787 4231 964 4297 contingeret,
1017 4241 1067 4296 pro
1081 4228 1126 4280 ilio
1140 4229 1259 4283 oratorio
1275 4230 1390 4284 instituit
1404 4230 1569 4302 Gregorius,
1585 4243 1665 4306 atque
1679 4234 1758 4302 ideo,
1775 4243 1803 4288 ut

176 4297 965 4370 mnuetcuuirrmationeeacnrporiseuCodicieidam
1017 4295 1702 4375 uotatwaiiridus,cap.22„nouestcanoniqui
1739 4321 1804 4361 etto·

179 4372 358 4431 beesmnlinm
381 4373 604 4436 strarectebautun
619 4370 689 4440 quod
705 4383 822 4439 praesenta
835 4367 965 4422 decreve—
1017 4367 1221 4424 raiiterdicitur
1234 4372 1402 4427 adnotatum.
1421 4369 1572 4430 Cardianus
1596 4377 1685 4443 buna,
1705 4326 1752 4436 iiis.
1774 4391 1803 4431 ιιι

170 4455 220 4505 rat
237 4445 368 4516 synodus.
385 4443 513 4512 Ejusdem
526 4443 609 4495 rnrsris
630 4443 782 4507 exemplum
796 4441 910 4493 alterum
923 4451 965 4491 re·
981 4420 1007 4479 l)
1021 4438 1118 4493 ilerum
1145 4439 1291 4511 liturgic,
1316 4456 1375 4511 cap.
1400 4443 1449 4507 li,
1464 4459 1536 4498 utrm.
1552 4444 1583 4510 Ξ,
1600 4445 1627 4502 in
1643 4462 1739 4517 magno
1760 4449 1804 4503 illo

169 4525 305 4571 .cesssetur
328 4514 354 4567 iu
378 4514 470 4568 tiestis
484 4512 581 4567 Leonis
601 4510 644 4573 tt,
666 4509 710 4565 uhi
726 4514 783 4565 baec
801 4519 965 4562 occurrunt:
1020 4509 1164 4565 iiissaiium
1179 4526 1245 4566 stass.
1259 4526 1322 4581 qaae
1335 4512 1469 4578 persolvit
1488 4529 1612 4581 rtuutero,
1634 4531 1716 4575 unum
1736 4519 1804 4573 dnu-

169 4584 246 4654 θοὰ
255 4586 334 4639 etism
345 4584 469 4652 capitulo,
483 4593 511 4637 nt
527 4584 553 4635 ia
567 4583 682 4652 [tttttrttot
693 4580 725 4633 ab
739 4579 854 4634 amabor
868 4579 968 4632 illibato
1019 4589 1092 4635 taxat
1105 4596 1135 4636 so
1148 4582 1284 4652 reperisse
1300 4592 1413 4638 testatur
1427 4585 1454 4637 in
1469 4599 1523 4655 quo
1538 4585 1596 4642 hoec
1617 4586 1697 4642 rerba
1720 4588 1804 4643 ascri-

179 4665 350 4721 ssrnarentnr,
371 4662 428 4721 post
446 4663 535 4707 crotera
550 4657 650 4707 decreto
670 4651 820 4721 pontificatus
832 4652 859 4704 io
873 4651 968 4704 sanctis
1020 4660 1063 4721 pta
1078 4652 1149 4716 sint,
1167 4654 1237 4720 quod
1252 4661 1340 4707 exstat
1352 4654 1379 4709 in
1395 4654 1553 4710 bibliotheca
1572 4655 1713 4711 iiarberiua
1736 4656 1803 4712 Coti.

179 4725 318 4780 eonomine
329 4726 408 4796 jtrrsit
423 4724 524 4777 ascribi.
542 4724 683 4778 Reuersus.
1020 4719 1101 4777 1858.
1119 4722 1238 4779 Similem
1255 4734 1344 4777 tauron
1363 4724 1509 4780 clausulam
1529 4726 1656 4780 exhibere
1678 4726 1804 4783 Codicetu

213 4792 228 4834 ὓ
247 4794 321 4851 Misit
335 4795 388 4849 ntia
400 4794 513 4862 scripto,
538 4805 590 4850 eto.
607 4794 705 4848 Eadem
721 4789 853 4845 ddrhnus
869 4789 895 4843 in
910 4792 970 4859 epi·
1020 4791 1203 4849 Coibertinum
1225 4809 1298 4847 num.
1318 4791 1411 4859 2585,
1431 4795 1478 4862 qui
1497 4793 1547 4849 init
1567 4796 1630 4853 oiim
1650 4799 1805 4852 monasterii

181 4867 249 4922 stola
275 4865 308 4919 ad
329 4865 533 4919 Corratautiuum
559 4868 745 4932 imperatorem
763 4879 771 4916 ι
795 4860 829 4915 iu
850 4877 970 4929 mapnarrs
1019 4866 1104 4918 sancti
1118 4863 1235 4935 bloraysii
1249 4864 1275 4918 in
1291 4863 1416 4931 Francia,
1430 4864 1554 4920 observat
1571 4866 1725 4922 Erimundus
1740 4866 1805 4921 ilar-

181 4935 368 4990 retentationem
383 4944 487 5003 uterque
502 4933 641 5005 Greparius
656 4932 767 4987 Ronroni
780 4930 912 5002 pontifices
925 4949 970 4999 per
1020 4940 1083 4987 tene
1107 4935 1153 4990 lib.
1179 4950 1187 4988 ι
1210 4936 1243 4988 de
1267 4933 1383 5001 anitiquis
1409 4935 1538 4990 Erobsiae
1561 4936 1683 5000 ilitiluts,
1703 4952 1762 5007 cap.
1778 4936 1806 4995 i.

176 5016 296 5075 uespera
308 5005 476 5063 narrarunt.
488 5006 595 5074 conjecti
608 5013 676 5059 snut.
690 5003 792 5074 Saepius
815 5003 893 5054 etiam
910 5018 971 5071 pro-
1021 5015 1071 5057 art.
1088 5002 1123 5066 8,
1139 5021 1212 5059 num.
1238 5003 1282 5058 ttt.
1308 5005 1335 5056 ln
1356 5018 1388 5057 eo
1410 5018 1483 5058 emm
1512 5006 1624 5062 herbetus
1640 5023 1647 5060 :
1664 5007 1772 5063 Necnon
1785 5018 1808 5062 ιι

181 5094 256 5131 maro
278 5087 367 5131 oestron
385 5075 724 5129 serenitatisodmonnerunt
743 5090 773 5126 ne
794 5073 885 5125 sineret
897 5087 971 5125 ιιοιιο-
1021 5073 1124 5127 illorum
1139 5087 1280 5146 rnertprttm
1293 5088 1399 5143 qnmnr
1413 5074 1488 5129 hodie
1501 5075 1620 5132 salomona
1633 5079 1659 5132 iu
1674 5090 1808 5151 conspectat

181 5148 280 5204 endas
298 5146 423 5215 inspires
444 5147 476 5199 de
498 5153 567 5199 stato
591 5160 638 5205 sno
651 5145 744 5214 dejici,
766 5158 852 5196 ιιοιιιιιι
865 5143 971 5196 ¹niara-um
1020 5145 1111 5216 gloriae
1124 5155 1174 5199 tuat
1187 5145 1327 5200 celebratur
1342 5145 1498 5213 triumphus.
1513 5147 1644 5204 Caeterum
1668 5152 1715 5204 has
1733 5149 1808 5203 simi·

180 5217 325 5285 solstitera
342 5231 429 5286 preces
442 5217 557 5269 animant
571 5213 644 5269 illiers
658 5229 815 5284 nequaquem
829 5228 971 5267 camtrsoae·
1023 5218 1095 5268 tesso
1113 5216 1280 5279 additiones,
1299 5216 1478 5281 interrogatus
1498 5234 1529 5274 ea
1543 5221 1577 5275 de
1592 5235 1650 5276 rea
1666 5220 1809 5278 cutttetmn

182 5296 253 5343 rant.
270 5287 328 5341 bin.
343 5295 368 5339 et
383 5285 463 5341 Ltus.
1021 5285 1118 5340 abbate
1131 5286 1215 5341 sancti
1230 5285 1340 5349 albani,
1356 5285 1560 5359 haudquaquam
1583 5292 1744 5360 improbabit
1765 5290 1808 5343 in·

219 5367 232 5395 ⁶
254 5356 280 5413 i.
296 5355 347 5410 ilie
361 5371 490 5410 conusens
501 5355 549 5410 sibi
562 5356 704 5410 calumnas.
718 5355 862 5410 Sacrorum
877 5353 972 5423 imagi·
1021 5355 1163 5411 noeerrtius
1188 5357 1240 5419 ill.
1265 5365 1294 5412 ut
1316 5357 1408 5412 scribit
1429 5360 1569 5415 ilattltaeus
1591 5359 1666 5416 Paris
1691 5364 1718 5415 in
1744 5358 1809 5414 titis

183 5442 247 5482 num
261 5440 352 5492 mum,
366 5435 459 5482 corrtra
473 5426 592 5481 Leonem
603 5427 709 5492 seriptis
723 5425 874 5489 deteusum,
889 5424 970 5479 etiam
1022 5424 1153 5479 Abbatunt
1173 5429 1258 5482 sancti
1270 5427 1377 5484 Albani.
1393 5428 1430 5485 ile
1443 5443 1546 5487 canone
1560 5430 1650 5487 mislae
1666 5430 1726 5487 sita
1739 5430 1809 5485 dicta

183 5499 274 5566 reipsa
292 5497 478 5561 coudrnrarit,
488 5499 597 5564 quando
609 5499 697 5566 magni
713 5495 800 5563 pretii,
812 5492 969 5559 balneensis,
1022 5495 1048 5549 lu
1063 5495 1179 5552 Gelasio.
1194 5497 1306 5555 Psaros..

185 5564 231 5625 tta
249 5566 403 5631 Gonitrieis,
420 5568 601 5635 apostotorum
621 5575 649 5620 et
671 5574 823 5620 sanctarum
840 5565 971 5635 virginum
1058 5563 1072 5603 ἃ
1095 5566 1145 5620 iiie
1160 5569 1218 5635 {ent
1234 5570 1385 5624 aratorium.
1407 5570 1436 5626 ln
1453 5572 1504 5627 hoe
1518 5569 1636 5627 oratorio
1652 5569 1722 5627 idem
1737 5584 1806 5642 pou·

184 5638 315 5709 imagines
328 5638 355 5692 iu
368 5636 480 5692 ccclesia
497 5636 566 5691 beati
588 5635 836 5691 Petriererit.iits.
849 5646 872 5688 et
889 5637 968 5690 tuan.
1024 5635 1089 5693 tiles
1104 5646 1259 5694 sanctinum
1275 5641 1395 5696 omniurn
1417 5642 1649 5767 reliquumssoss
1670 5651 1725 5701 toto
1744 5641 1810 5698 orbo

184 5746 188 5753 .
217 5708 247 5763 a.
265 5706 314 5763 ilio
327 5705 971 5775 concessas‚ctc.Sanatissimuspontitertirego·
1023 5707 1176 5766 Ctnristiauo
1190 5709 1317 5782 colligare
1337 5718 1461 5781 poterat,
1484 5712 1579 5770 honori
1601 5726 1633 5773 cs
1651 5712 1811 5777 cothesrtt.
