3832 6114
112 276 166 334 iis
685 272 728 330 hc
747 269 919 331 bachilius
941 269 1180 337 fluctuantis.
1699 287 1750 345 ild

112 387 239 463 properio
257 385 366 443 latentis
393 384 529 455 pudicitiae
554 385 718 456 preconium
745 384 906 456 propalatur.
920 381 947 442 Δ
960 387 1055 447 niclter
1068 393 1206 461 perculsus
1219 393 1353 464 occubuit,
1370 404 1396 453 et
1410 397 1556 456 vsiutfoaa
1566 415 1655 458 arcam
1668 410 1750 459 testu·

112 483 241 554 otranno-h
256 489 351 537 auctor
364 480 526 551 integritatis
547 480 677 552 virginale
692 495 788 537 munus
802 481 910 536 clancu-
961 482 1055 547 menti,
1066 482 1111 539 ubi
1122 483 1194 555 rirga
1208 485 1379 555 pontificalis,
1393 501 1453 559 quse
1462 487 1631 560 fmnduerat,
1645 504 1672 550 et
1682 509 1749 553 urna

23 612 26 616 -
114 579 148 633 iis
162 573 300 632 occultare
314 573 424 629 latebris
438 567 612 638 deliberaret,
626 581 654 629 et
671 571 767 627 diuinas
781 571 911 629 duntaxat
960 587 1040 629 aurea
1055 574 1156 631 coeiesti
1172 591 1284 635 munere
1297 577 1395 635 referta
1408 581 1540 653 simulque
1551 583 1648 640 tabulas
1662 582 1748 642 heca·

114 667 263 738 malestatis
272 663 386 729 notitias,
401 663 444 719 cui
459 662 550 718 abdita
563 670 727 718 secretorum
739 675 837 718 arcana
848 677 910 731 pro-
961 663 1013 734 logi
1026 663 1120 721 fitteris
1130 665 1251 736 aniceto,
1266 669 1485 739 recondebantur,
1498 672 1616 744 profanis
1626 674 1750 734 manibus

113 759 231 824 dmrmr,
251 754 388 824 cognitum
414 752 472 809 fore
485 760 628 825 satageret.
654 753 796 810 Murcum
820 754 909 810 eidem
959 756 1115 826 cotttiugere
1142 772 1194 813 non
1221 768 1360 827 metuens,
1385 763 1458 820 illico
1480 757 1750 824 immatura‘mortis

115 849 241 921 Eugenias
257 847 353 903 falsum
375 846 515 916 prostibuli
536 855 658 917 stuprum
673 854 701 901 et
716 846 850 915 lupanaris
865 845 908 902 in·
960 841 1103 902 vindictam
1119 848 1241 904 exsolvit.
1256 848 1310 906 Sed
1324 851 1461 909 rursusad
1482 854 1614 923 potiorem
1629 853 1677 911 iiei
1689 855 1749 927 gio·

113 942 180 1000 cesti
195 941 328 1014 piaculum
343 939 470 998 hislantia
484 940 560 1009 rirgo
572 939 689 996 nominis
703 941 835 1013 presagio
849 950 907 998 tra*
960 937 1038 1005 riatn,
1052 947 1079 995 ιι
1090 940 1262 998 insultatores
1274 943 1414 1000 catholicae
1424 943 1496 1011 fidei,
1508 945 1553 1017 qni
1562 945 1748 1017 cogitaverunt

113 1036 205 1105 ducta,
219 1031 376 1090 matrmmiis
390 1030 525 1102 pudicitia
540 1030 722 1101 obliviscens,
736 1029 817 1102 cinam
830 1031 910 1087 lasci·
958 1030 1109 1097 consilium,
1127 1034 1198 1102 quod
1212 1049 1267 1090 non
1281 1045 1424 1104 potuerunt
1437 1035 1569 1106 stabilire,
1583 1036 1671 1094 balbis
1684 1037 1750 1095 hne-

113 1143 156 1184 rus
173 1125 347 1191 obscenitatis
362 1123 478 1180 indibria
504 1123 647 1192 carnisque
665 1123 797 1180 incentiva
820 1118 909 1180 iiiece-
959 1133 1051 1177 esrom
1060 1122 1165 1179 labellis
1177 1125 1394 1184 obmutescerent
1410 1137 1437 1185 et
1449 1128 1574 1198 porcinus
1585 1143 1749 1201 paganorum

113 1219 203 1276 trosts
215 1216 331 1274 stimulis
345 1215 493 1287 agitabant,
515 1214 653 1284 pellaciter
666 1214 816 1284 impingere
828 1213 910 1270 moli·
956 1212 1086 1282 strepitus
1109 1223 1202 1269 contra
1217 1215 1361 1271 immunem
1384 1216 1511 1272 Ecclesia
1524 1218 1673 1273 castitatem
1697 1232 1757 1275 ann

111 1317 199 1377 retur,
221 1311 295 1366 velot
315 1307 415 1364 ferrato
427 1307 603 1378 apologeticae
627 1305 792 1363 defensionis
813 1306 909 1378 clypeo
958 1300 1034 1357 tiens
1044 1303 1178 1373 spumosis
1192 1303 1316 1362 dentibus
1335 1305 1434 1362 acriter
1446 1307 1574 1377 grunnire
1588 1307 1756 1377 desisteret,

109 1401 262 1458 emundent
274 1399 421 1469 strophosae
433 1397 612 1454 accusationis
625 1397 774 1466 catapultas
787 1395 821 1453 tie
835 1395 909 1452 falsi·
958 1394 1082 1451 eumdem
1096 1395 1214 1468 rediviva
1236 1397 1366 1466 sospitate
1379 1399 1522 1455 subnixum
1535 1398 1570 1454 de
1591 1398 1689 1455 inferni
1701 1415 1747 1455 ro·

109 1492 174 1548 tatis
189 1490 312 1559 pbaretm
328 1489 443 1559 prolatas
464 1490 492 1545 in
514 1489 587 1559 ipsos
599 1503 615 1543 a
628 1488 724 1558 quibos
746 1488 904 1558 diriguntur,
958 1485 1049 1556 ragine
1070 1485 1176 1542 redusit
1198 1486 1232 1543 ad
1256 1487 1355 1543 lumina
1375 1490 1445 1555 rita,
1465 1497 1494 1545 et
1513 1503 1576 1545 mor
1593 1481 1749 1561 roseopur'-

109 1581 240 1647 retorsit3
255 1579 325 1650 qood
338 1587 427 1635 teatus
450 1577 532 1635 libelli
546 1575 674 1649 Eugeniae
690 1577 800 1633 uberius
810 1578 908 1647 capla·
958 1579 1033 1649 purei
1048 1580 1152 1636 cruoris
1173 1581 1271 1638 rubore
1285 1579 1404 1652 perfusa,
1426 1578 1623 1639 immacniatam
1636 1579 1748 1655 virgini·

112 1683 168 1741 nat,
180 1672 406 1746 quemadmodum
421 1672 566 1742 antiquitus
578 1670 742 1737 Susannam,
753 1685 813 1726 cum
826 1668 908 1725 fabri·
959 1672 1022 1727 tatis
1049 1670 1183 1727 victimam
1197 1672 1303 1729 Christo
1322 1672 1439 1731 offerens
1461 1673 1658 1746 martyrizarit3
1671 1674 1749 1744 cuius

110 1773 219 1820 catores
231 1761 376 1818 falsitatum
387 1762 565 1833 potiusquam
576 1761 726 1834 presbyteri
737 1760 905 1831 populorum,
923 1728 946 1789 Β
960 1758 1051 1815 tumba
1064 1759 1091 1816 in
1102 1762 1257 1819 cmnteterio
1268 1760 1354 1831 posita
1368 1762 1553 1827 gravissimam
1566 1761 1748 1818 Constantinus

111 1869 180 1926 gnos
204 1854 364 1911 adulterinae
389 1852 549 1910 titillationis
567 1853 656 1909 calcar
680 1852 774 1908 incesti
795 1851 908 1909 crimine
958 1852 1070 1924 virginis
1085 1854 1274 1925 valetudinem,
1288 1856 1364 1925 cuius
1380 1855 1541 1913 mentionem
1555 1855 1623 1912 infra
1638 1871 1749 1913 caraxa-

109 1947 283 2013 crnentabat,
298 1945 406 2003 dissona
420 1960 577 2002 sermonum
599 1945 763 2014 procacitate
779 1942 908 1999 fallaciter
959 1944 1058 2011 bimus,
1071 1947 1145 2003 reiut
1157 1948 1259 2005 ocelesti
1281 1947 1457 2006 medicamine
1472 1949 1553 2006 fotam
1571 1947 1748 2007 incolumitati

110 2038 269 2095 insimulare
290 2037 518 2105 machimrentur,
534 2036 625 2094 densis
646 2036 768 2107 dirisque
788 2034 907 2105 lapidum
959 2036 1078 2107 pristinas
1093 2037 1219 2094 restituit.

109 2130 242 2187 imbribus
259 2129 346 2186 obruti
359 2130 467 2187 crudele
478 2132 571 2188 mortis
584 2129 766 2201 spectaculum
782 2127 905 2200 probae·
994 2127 1085 2184 xhtt.
1097 2128 1204 2185 Necnon
1215 2127 1295 2184 etiam
1304 2126 1434 2199 gloriosas
1444 2127 1586 2184 illustrium
1599 2129 1746 2200 puellarum

109 2234 190 2292 rmu;
206 2232 236 2279 nt
253 2224 349 2280 merito
363 2223 566 2295 Psalmographi
579 2224 713 2281 sententia
727 2224 906 2280 deutrnrum·
959 2233 1097 2290 personas,
1119 2220 1207 2277 ‘fenim
1234 2228 1262 2276 ιι
1285 2218 1395 2276 Eulalia
1416 2219 1449 2274 ad
1471 2218 1585 2275 formato
1610 2219 1749 2291 virginalis

109 2333 165 2388 qno
191 2319 327 2389 prosperis
352 2319 415 2374 vitm
442 2318 614 2376 successibus
638 2317 812 2374 historialiter
840 2331 905 2388 gua·
957 2314 1077 2370 matsriae
1097 2319 1286 2384 congruentes,
1301 2311 1439 2385 praeterire
1455 2311 1653 2369 lttcommodum
1668 2312 1748 2379 duria

110 2409 192 2466 drare
205 2418 233 2467 et
246 2424 394 2480 congruere
406 2409 907 2482 rideator;quamuisdeiiedemptore
956 2421 1070 2479 quarum
1093 2406 1173 2463 'fecla
1197 2407 1292 2463 devota
1314 2405 1412 2463 Christi
1436 2405 1602 2476 virguncula,
1620 2420 1681 2462 cntn
1700 2404 1749 2463 de·

108 2501 258 2558 secumdum
272 2515 409 2574 anagogen
428 2501 572 2558 vaticinata
586 2500 729 2561 credatur:
752 2499 903 2555 iumrrexc·
957 2508 1082 2569 sponsata
1107 2500 1192 2568 primo
1216 2498 1374 2570 pubesceret
1395 2513 1453 2554 ιιι
1465 2508 1493 2554 ιι
1516 2498 1598 2555 castis
1613 2497 1753 2567 pudicitior

108 2599 172 2645 rarat
184 2591 213 2644 in
226 2605 268 2645 ure
280 2598 354 2645 testea
366 2591 460 2662 iniqui,
474 2601 500 2646 ιι
513 2592 620 2645 mentite
643 2598 680 2644 ιιι
703 2590 824 2660 iniqnitas
837 2590 907 2655 aiii:
957 2590 1078 2649 moribus
1090 2590 1207 2646 nondum
1221 2591 1320 2647 lavacri
1336 2589 1490 2660 baptisterio
1504 2599 1596 2645 renata
1607 2589 1747 2645 adolesce-

110 2690 141 2738 ιι
153 2682 228 2751 suasi
242 2696 291 2753 pro
303 2682 354 2739 hac
367 2681 560 2739 calumniarum
575 2680 756 2747 contumelia,
770 2696 851 2751 quam
865 2680 907 2738 in·
956 2692 1014 2754 ret,
1030 2682 1119 2739 andita
1133 2683 1233 2755 egregii
1246 2683 1415 2754 dogmatista
1427 2682 1548 2740 doctrina
1560 2682 1594 2739 de
1606 2684 1750 2755 integrita-

109 2782 206 2831 soutes
218 2788 233 2828 a
247 2770 389 2830 fallacibus
403 2773 529 2840 tolerant,
553 2782 614 2842 apta
628 2771 785 2828 vicissitudo
810 2786 901 2844 sequa·
958 2774 991 2831 tis
1001 2775 1072 2832 dotto
1084 2774 1251 2841 disserentis,
1265 2790 1316 2833 neo
1327 2776 1456 2832 maternis
1471 2784 1563 2833 coacta
1577 2775 1748 2836 biandimen-

110 2875 171 2931 tnr,
196 2864 336 2922 Pmlmista
359 2867 395 2923 ita
419 2866 623 2939 promulgante:
648 2863 730 2923 Credo
742 2865 827 2924 ridere
839 2866 906 2924 bonu
957 2867 1004 2935 tis,
1018 2881 1069 2924 nec
1082 2866 1159 2924 Proci
1173 2870 1311 2936 compulsa
1325 2868 1458 2940 precihus,
1472 2869 1507 2924 ad
1521 2867 1592 2926 thori
1606 2869 1749 2927 cotttuher·

108 2954 217 3011 marini
230 2956 257 3011 iu
269 2964 337 3012 terro
350 2957 499 3014 rinemimn.
958 2959 1013 3026 triu,
1028 2968 1055 3016 et
1075 2957 1205 3029 nuptialia
1219 2957 1334 3014 triclinia
1348 2959 1508 3027 inclinatur;
1524 2974 1583 3031 quas
1595 2968 1658 3016 ante
1672 2960 1749 3025 thoa-

147 3045 229 3103 tit.
241 3046 294 3103 Sed
309 3046 410 3123 [Budi.,
424 3049 477 3107 Sed
491 3048 530 3122 et]
544 3066 634 3123 operm
654 3052 766 3121 pretium
786 3051 904 3121 videtur,
923 3071 947 3141 0
961 3053 1042 3108 traies
1055 3049 1450 3123 spectaculfciathroscrucniis
1456 3051 1610 3109 carnificum
1625 3052 1749 3110 manibus

109 3148 139 3194 ιιι
153 3140 300 3210 gloriosum
324 3139 435 3196 illustris
456 3140 539 3212 hgum
558 3141 696 3212 exemplar
709 3143 821 3202 cmlibss
837 3145 906 3200 inte»
960 3145 1060 3215 adfata,
1076 3153 1104 3200 ut
1120 3146 1253 3217 pudicitiae
1274 3145 1385 3218 promto
1402 3146 1550 3218 privaretur
1564 3146 1642 3204 enine
1662 3145 1750 3204 nitetu-

108 3227 215 3300 gritatis
227 3229 397 3286 aerttuiatores
417 3238 445 3287 et
459 3231 575 3287 carnalis
588 3233 725 3302 spurcitias
736 3244 905 3304 contempto·
957 3236 1039 3304 tibus,
1054 3236 1081 3292 iu
1095 3236 1216 3309 disrupta
1230 3246 1319 3293 tamen
1334 3238 1463 3294 castitatis
1478 3236 1635 3309 crepundia,
1645 3246 1673 3296 ct
1688 3253 1750 3308 prs·

110 3336 156 3379 rea
178 3323 290 3381 minime
310 3325 402 3382 lateat.
415 3325 541 3395 Quinimo
553 3327 673 3398 ejusdem
688 3328 828 3401 virginalis
840 3345 904 3401 pro·
955 3329 1052 3383 tiosam
1067 3325 1227 3399 virginitatis
1244 3327 1341 3382 stolam
1355 3327 1424 3383 inter
1442 3342 1552 3385 serenos
1579 3327 1685 3384 ieonum
1699 3341 1748 3384 ru·

111 3415 190 3486 positi
205 3417 380 3489 participibus
390 3429 417 3475 et
427 3429 508 3476 casta
520 3421 670 3477 sodalitatis
681 3423 850 3479 consortibus
862 3424 905 3480 in·

112 3516 243 3575 ιιιιιιιι,
257 3524 317 3577 onas
332 3524 381 3580 pro
402 3511 555 3582 integritate
566 3513 716 3580 servanda,
735 3529 842 3570 onutem
857 3528 905 3571 or·

112 3608 300 3657 naurentorum
313 3601 425 3672 gloriata
442 3615 458 3656 a
473 3601 558 3659 i‘roco
571 3603 689 3673 prefecti
709 3604 765 3660 filio
775 3605 903 3674 oblatam,

110 3697 241 3759 qmtenus
252 3691 340 3747 obluta
354 3691 509 3761 impetraret
519 3695 664 3762 connubia,
681 3704 709 3749 ut
720 3695 807 3752 lurida
820 3695 906 3753 feten-

109 3780 146 3837 tis
168 3782 270 3838 cioa'cae
292 3783 431 3840 volutabra
450 3795 626 3842 contemnens
650 3784 836 3857 hujuscemodi
861 3800 905 3842 re-

955 3421 1025 3493 gitns
1047 3427 1075 3477 et
1103 3419 1206 3477 feroces
1229 3418 1327 3476 ursina
1350 3419 1504 3491 rapacitatis
1523 3420 1616 3488 rictus,
1639 3419 1749 3478 Christo

956 3512 1133 3584 patrocinium
1143 3518 1297 3582 prestante,
1311 3508 1488 3567 inviolabilem
1502 3511 1681 3567 conservavit.
1693 3503 1749 3569 Sed

956 3613 983 3661 et
994 3604 1154 3673 crepitantes
1164 3604 1313 3661 enormium
1325 3615 1450 3672 rogorum
1465 3608 1553 3657 torres
1565 3609 1593 3656 et
1606 3599 1750 3656 semiustas

956 3708 1082 3764 pyrarum
1097 3691 1197 3746 faculas
1211 3688 1329 3745 coelcstis
1342 3687 1492 3745 clementiae
1514 3686 1633 3743 fontibus
1652 3687 1751 3744 restin-
1847 3756 1849 3761 Ι

955 3791 1012 3837 ctas
1027 3779 1171 3836 incolumis
1182 3793 1215 3834 ac
1227 3790 1321 3846 sospes
1333 3775 1448 3832 feliciter
1459 3775 1555 3830 erasit.
1571 3774 1674 3831 Eulalia
1685 3791 1751 3834 vero

108 3885 214 3941 sponsa
234 3871 382 3944 reddidisse
394 3875 498 3933 fertur:
515 3877 626 3934 Discede
640 3891 656 3933 a
671 3893 729 3944 me,
745 3877 831 3935 fomes
844 3893 906 3950 poc.
956 3870 1054 3941 duplici
1067 3869 1179 3940 praedita
1192 3867 1338 3938 triumpho,
1362 3875 1390 3924 et
1402 3867 1510 3938 gemino
1528 3879 1623 3924 ornata
1648 3875 1751 3939 tropus

110 3963 175 4030 cati,
189 3963 386 4020 nutrimentum
411 3966 543 4036 facistorio,
560 3970 685 4039 pabulum
710 3970 817 4039 mortis,
842 3969 904 4040 qnia
954 3976 1064 4020 cursum
1088 3970 1307 4018 consummatura
1330 3969 1358 4016 ιι
1383 3958 1465 4016 fidem
1489 3970 1627 4017 servatura
1646 3961 1751 4019 scelesti

107 4054 166 4125 jam
189 4053 225 4109 ab
242 4053 298 4110 aiio
320 4063 438 4114 amatore
451 4068 585 4128 pravenm
599 4074 670 4128 sutn,
683 4061 727 4132 qui
741 4075 785 4118 me
801 4060 902 4117 annulo
956 4053 1111 4112 inscribitur
1133 4053 1206 4110 albo.
1228 4051 1295 4108 Nam
1318 4060 1379 4123 post
1401 4051 1572 4124 rumigerula
1590 4051 1752 4124 virginitatis

108 4142 176 4198 hdei
200 4158 256 4200 sue
274 4146 433 4216 subarratis,
458 4149 635 4206 circumdedit
655 4166 699 4208 ma
726 4154 904 4209 vernantibus
955 4146 1078 4217 gloriam,
1093 4159 1146 4216 gua
1158 4144 1275 4201 carnaiis
1287 4142 1386 4200 cloacae
1401 4142 1543 4214 spurcitias
1560 4142 1709 4209 exhorruit,
1723 4152 1752 4198 ιι

108 4237 533 4307 amnsmmscanttbusgemnts
554 4238 655 4313 [Bodi.,
676 4243 790 4312 gemmis
805 4244 905 4311 pretio.
957 4238 1084 4306 nuptiatis
1096 4237 1200 4306 copula
1222 4234 1401 4291 contubernia
1423 4235 1535 4306 sprevit,
1549 4233 1583 4290 ad
1605 4231 1767 4306 gloriosam.

108 4326 158 4397 sisi
171 4364 181 4394 ,
194 4325 279 4382 induit
287 4342 332 4383 me
346 4329 457 4399 cyclade
470 4345 536 4387 auro
550 4340 631 4398 ιιιιι,
647 4332 723 4404 cojm
735 4343 812 4404 pater
826 4334 877 4393 fem
883 4335 904 4390 i·
955 4329 1077 4401 marigni
1092 4328 1206 4398 palmam
1221 4325 1335 4383 feliciter
1349 4325 1483 4396 pervenit.

108 4429 171 4471 stam
184 4416 281 4485 nescit,
301 4417 380 4490 cujus
400 4428 489 4476 mater
515 4422 592 4493 uirgo
606 4431 657 4488 est,
681 4424 724 4479 cui
744 4423 831 4495 angeli
848 4419 946 4482 ser-1)
994 4419 1097 4476 xcvii.
1119 4419 1203 4475 Porro
1224 4418 1391 4476 Scholastica
1414 4433 1447 4475 ac
1460 4417 1598 4475 christina
1616 4416 1762 4488 simulque

109 4507 200 4576 staur,
220 4510 298 4581 cujus
325 4513 553 4583 pulchritudinem
568 4517 608 4571 tot
627 4527 656 4574 ιι
676 4517 739 4574 tuna
761 4520 905 4578 mirantur.
957 4511 1093 4569 norotnsa
1111 4511 1181 4582 apuu
1196 4510 1340 4567 Caesariana
1355 4509 1468 4566 oriunda
1483 4511 1512 4571 in
1524 4508 1663 4581 aestiuis
1680 4507 1752 4586 esp

110 4598 145 4654 Et
156 4599 218 4656 licet
231 4600 312 4673 hujus
325 4605 363 4659 roi
378 4606 467 4675 'gratia
480 4606 514 4663 ad
531 4607 645 4664 inrisum
660 4609 802 4678 prostibuli
824 4610 903 4683 lupa.
957 4602 1160 4678 padocire,‚licet
1175 4601 1275 4673 dispari
1291 4602 1452 4661 seculorum
1463 4599 1535 4661 serie
1548 4608 1750 4678 sequestraren-

110 4704 170 4756 nar,
185 4691 229 4750 ubi
243 4703 396 4750 scortorum
411 4695 570 4753 detestanda
586 4698 739 4756 obscenitas
753 4699 903 4757 bacchatur
957 4703 1010 4759 tur,
1023 4693 1081 4763 pari
1104 4701 1193 4748 tamen
1214 4692 1375 4763 integritatis
1396 4691 1463 4748 tiara
1481 4688 1619 4751 achristo
1632 4701 1749 4744 corona·

108 4777 212 4854 iboni,
234 4781 427 4857 debacchatur}
449 4795 478 4842 ιι
499 4788 617 4846 frontosa
641 4789 905 4859 moecharumimpu·
955 4786 1063 4841 bantur.
1079 4784 1198 4854 Quarum
1215 4785 1299 4856 prima
1314 4784 1366 4841 sub
1384 4781 1561 4847 cottfessionis
1575 4779 1664 4847 titolo,
1686 4779 1749 4841 iicet

108 4871 202 4928 dentia
223 4875 336 4945 turpiter
358 4882 514 4949 stupratur,
529 4880 563 4936 ad
586 4879 685 4937 infame
699 4881 813 4937 dedecus
827 4891 906 4936 nata·
955 4887 1074 4933 cruentae
1090 4877 1223 4948 passionis
1234 4877 1339 4941 occasio
1351 4876 1492 4944 defuisset,
1506 4878 1533 4930 in
1546 4871 1683 4928 cotrsortio
1701 4883 1749 4925 ca-

107 4963 175 5018 iinm
202 4967 318 5035 propriis
342 4981 423 5024 exuta
450 4971 572 5028 vestibus
597 4973 780 5030 truderetur:
816 4983 904 5032 tamen
955 4972 1114 5030 tlroiicorum
1136 4972 1304 5029 laudabiliter
1323 4967 1597 5040 decrementorum
1619 4963 1752 5036 praecelso

104 5068 221 5116 corusco
234 5057 359 5115 immensi
375 5059 484 5118 luminis
498 5063 642 5133 splendore
656 5064 751 5120 uallata
776 5065 905 5136 angelicis
956 5065 1079 5136 puritatis
1099 5064 1205 5134 fastigio
1225 5061 1383 5130 fuminavit,
1398 5068 1427 5115 nt
1450 5072 1511 5115 cnm
1534 5057 1630 5115 unicus
1643 5071 1750 5130 garma-

104 5147 203 5204 lruitur
224 5152 416 5221 conspectibus
431 5163 458 5210 ot
472 5158 559 5227 peplis
573 5157 688 5213 donatur
700 5157 864 5213 dominicis:
887 5173 904 5214 o
955 5170 1016 5223 nus,
1032 5168 1112 5230 quent
1126 5151 1247 5215 subnixis
1260 5150 1382 5220 precibus
1397 5148 1476 5206 utrius
1491 5148 1578 5206 noctis
1597 5147 1750 5217 intercape-

103 5246 206 5308 rguanta
218 5249 262 5295 est
277 5240 429 5300 furibundae
442 5246 561 5306 lihidinis
571 5247 709 5315 ferocitas,
723 5258 778 5305 ιιι
797 5249 905 5305 diverso
955 5245 1044 5301 dinem
1059 5251 1210 5314 opportune
1233 5248 1403 5311 poposcerat,
1418 5240 1606 5312 obtemperare
1632 5237 1748 5309 pertina-

104 5340 260 5400 quantaest
273 5336 439 5392 reconciliati
454 5339 750 5409 pudorispictssliiam
763 5354 824 5396 cnm
836 5356 905 5411 prae·
955 5338 1022 5393 citer
1059 5334 1255 5400 reluctaretur,
1293 5334 1384 5388 statim
1416 5332 1533 5404 profusis
1569 5331 1748 5398 lacrymarum

102 5422 180 5478 fatos
192 5425 367 5483 obscestitatis
377 5436 493 5494 amator,
507 5429 622 5486 dammis
632 5431 784 5487 carnalibus
792 5446 904 5488 ruccsua
955 5428 1073 5485 fontibus
1084 5425 1256 5482 serenitatem
1272 5424 1381 5482 retineris
1395 5425 1421 5481 in
1436 5423 1610 5492 procellarum
1628 5417 1748 5477 turbines

103 5529 164 5582 sus,
185 5515 298 5585 lupanar
312 5531 375 5573 curn
390 5519 528 5576 sodalibus
550 5521 683 5578 scelerum
702 5504 901 5593 aggrederetur,

103 5618 134 5661 ut
152 5607 248 5676 virgini
262 5608 454 5666 sacratissimas
468 5624 565 5682 spurca
589 5613 713 5669 lenocinii
736 5612 849 5670 indibria
865 5614 904 5670 ia·

104 5700 164 5757 bris
175 5701 337 5772 procacibus
351 5703 491 5776 irrogaret,
507 5705 624 5764 ccelesiis
639 5707 685 5766 ira
701 5722 828 5765 mucrone
843 5722 903 5778 per·

955 5525 1124 5576 commutans
1135 5525 1163 5572 et
1176 5516 1292 5573 tonitrua
1308 5519 1414 5587 fragore
1432 5515 1575 5570 horrisono
1587 5511 1680 5567 orbem
1694 5519 1749 5568 tre·

957 5625 1072 5670 mentem
1093 5611 1220 5669 terrentia
1238 5610 1384 5676 concitans,
1400 5607 1532 5676 simulque
1548 5604 1674 5678 igniferas
1690 5600 1749 5662 tot-

956 5704 1058 5763 miuum
1081 5704 1279 5763 coruscationes
1302 5700 1429 5766 eliciens,
1450 5697 1546 5755 rothum
1570 5695 1671 5755 mundo
1685 5711 1750 5770 spe·
