3832 6114
144 311 197 372 otii
554 308 588 366 s·
604 302 779 364 Atuttsbttt
796 302 939 362 otendit
959 303 1048 363 PARS
1067 303 1112 362 tlt.
1124 278 1168 345 ἶ-
1184 269 1358 361 ΡΟΙΞΙΜἊᾸΙ
1724 306 1778 367 ddi

143 415 271 484 Consera
285 423 346 481 cosli
358 437 464 482 mosera

141 518 199 575 Sub
215 522 355 574 ventorum
370 515 541 573 monarchia..

142 605 209 660 Orto
226 603 339 659 brumali
354 604 472 671 turbine.

91 742 93 746 ,
142 694 281 751 forbabat
295 704 375 764 atque
388 695 500 750 vastitas

143 785 341 842 fiseebarentur
355 785 382 842 io
397 787 509 851 retbere,

144 879 312 936 besnrirent
325 879 353 935 in
367 880 467 936 saeculo

141 965 175 1020 Et
186 966 317 1025 seruitute
330 966 428 1035 sopita,

144 1056 230 1114 buefii
242 1058 344 1113 ducunt
356 1058 473 1127 agmins.

144 1147 297 1204 indiderunt
310 1147 457 1224 volumine.

141 1236 252 1293 famam
267 1249 377 1294 verrens
392 1236 516 1293 ferociter

144 1323 275 1381 leniebat
288 1339 303 1377 a
316 1325 437 1392 cardine,

143 1409 282 1466 Labuntur
295 1410 450 1466 luminaria.

143 1495 201 1564 Non
210 1495 333 1553 furerent
346 1497 476 1566 inglorios,

143 1586 229 1656 Atque
242 1594 318 1641 eruta
331 1585 439 1648 robora,

144 1673 231 1730 Simul
243 1673 326 1744 ruptis
335 1673 469 1729 radicibus
486 1689 494 1725 2

143 1762 283 1820 llanabant
295 1762 343 1817 sed
354 1760 495 1816 minaciter

145 1844 338 1918 fiumectabant
351 1864 411 1905 cum
427 1848 566 1914 imbribus,

139 1938 238 1997 'Essent
251 1940 348 1997 referta
363 1938 481 2005 Auillius,

143 2023 322 2086 Grassabatur
337 2029 497 2086 turbinibus.

142 2118 308 2176 Crebrsntnr
322 2116 404 2188 nigris
417 2116 531 2172 nubibus

140 2210 238 2266 Caram
252 2219 379 2264 nocturna
395 2207 503 2276 nebula,

93 2300 95 2304 ‘
141 2300 300 2357 perlucebat
313 2308 342 2354 ut
355 2298 466 2370 glacies.

139 2389 225 2449 'forre
238 2401 364 2464 teguntur
378 2390 509 2449 trucibus.

136 2484 265 2560 birrupto
274 2502 367 2544 rerum
382 2486 476 2544 ordine

140 2579 228 2646 Atque
241 2576 368 2646 preclara
384 2574 485 2632 furitina

139 2664 239 2721 Durior
250 2667 355 2722 dierum
366 2661 475 2721 Lucifer

140 2755 270 2810 Auratum
285 2753 360 2809 sidus
374 2768 484 2825 surgere

139 2839 219 2897 Velut
232 2839 308 2896 lurra
322 2840 442 2913 fuligine.

139 2931 196 2989 lion
210 2941 366 3004 comparent
377 2933 507 2990 erimicula

135 3023 249 3080 Cursum
260 3027 393 3082 seruantis
406 3024 501 3081 sedulo

133 3111 243 3183 Septem
258 3115 323 3169 fatet
333 3114 500 3185 lampadibus

138 3198 254 3259 Pleisdis
269 3203 378 3274 pnicbra
393 3202 489 3273 copula

140 3290 204 3347 liaec
216 3291 398 3347 conscendunt
409 3305 456 3360 per
469 3289 569 3345 aethera

137 3377 214 3436 Tun‘e
228 3378 378 3450 paulianae
392 3379 501 3450 limpida

135 3468 267 3525 ludlacus
278 3481 339 3524 cum
352 3478 448 3524 caetera

137 3557 221 3626 Quem
237 3556 373 3614 uacarent
387 3555 535 3625 reperimur

139 3649 257 3704 bissenis
267 3663 328 3705 cun
340 3648 474 3704 sideribus

136 3734 192 3792 fiee
205 3736 325 3794 rediebat
339 3731 435 3794 rutilus

137 3827 203 3895 Quia
219 3829 457 3901 nubesnigerrima

138 3917 262 3970 Attamen
278 3915 391 3984 flagrant
405 3916 518 3973 fulmina

138 4000 251 4069 Quando
264 4001 407 4070 pallentem
419 4003 534 4070 peodola

136 4091 255 4159 Quarum
270 4100 363 4147 natura
379 4091 495 4147 nubibus

137 4181 253 4238 Necnon
267 4185 370 4238 marina
382 4182 481 4239 cerula

136 4269 195 4335 Qua
208 4270 261 4324 ruit
272 4270 386 4337 irruptio

137 4361 188 4414 Per
201 4359 285 4428 pelagi
301 4359 397 4414 itinera

135 4448 202 4503 Cum
212 4448 292 4504 bullis
303 4461 331 4504 et
339 4448 505 4507 brumalibus

136 4541 258 4595 Oceanus
271 4554 332 4595 curn
345 4538 461 4596 nulibus

138 4629 265 4685 Pulsabat
280 4631 474 4702 promontoria,

137 4719 183 4778 Sic
197 4722 365 4793 turgescebat
377 4723 497 4780 tratribus

135 4810 285 4880 infligendo
296 4810 451 4866 fluminibus

136 4900 206 4969 Quid
218 4899 306 4957 dicam
321 4902 357 4958 de
371 4900 521 4973 ingentibus

137 4992 203 5060 Quas
217 4993 306 5049 nullus
318 5001 419 5063 nequet
436 5005 551 5051 numero

135 5080 176 5135 fin
187 5080 269 5136 nsulta
280 5081 307 5135 ic
318 5080 448 5138 miraculo

134 5165 213 5220 Clara
223 5164 323 5220 Christi
335 5165 476 5222 elementia

136 5257 203 5313 Gom
216 5262 291 5327 grata
302 5252 437 5325 gallicinia

136 5345 303 5403 Suscitarent
316 5343 473 5400 sonantibus

136 5439 205 5502 fun
219 5438 289 5496 binis
303 5445 405 5495 sunta
418 5435 561 5507 elassibus,

138 5529 290 5591 ilatutinant
301 5529 443 5586 melodiam

137 5619 178 5674 fin
190 5620 279 5676 statim
293 5617 389 5685 fulcra,
403 5617 523 5689 flamine,

136 5705 221 5779 ttgm
234 5712 289 5762 tota
302 5717 364 5766 eun
375 5704 495 5766 trabibus

701 420 869 479 vacillabant
881 422 916 478 ab
924 420 1049 479 omnibus

701 511 729 566 fu
744 513 826 568 tantis
841 512 1045 581 tempestatibus

699 601 795 659 Nostra
812 612 909 674 parent
921 602 1066 673 praecordia

700 695 811 763 Quando
825 696 971 752 cernebant
985 694 1084 750 firmina

701 790 855 848 fiorrisonis
868 788 1016 860 fragoribus

699 884 768 939 funs
784 883 891 939 tandem
901 896 982 939 eursu
995 889 1101 936 caterva

699 975 809 1030 Portum
826 975 895 1046 petit
907 973 1029 1028 Basilicas

699 1068 745 1123 Sic
760 1067 894 1135 pelluntur
909 1064 1026 1135 pericula

699 1158 740 1212 Ab
753 1156 868 1211 Atlantis
879 1155 1014 1226 prosapia.

698 1247 740 1302 Ab
752 1256 812 1302 ortu
826 1247 897 1303 Solis
911 1246 1000 1301 sidera
1014 1262 1021 1298 ι

697 1338 785 1396 Librae
798 1340 920 1405 torpebat
933 1338 1031 1393 trutina

696 1427 795 1498 (lycius
808 1427 925 1483 fuscatur
935 1435 1054 1491 eaterra,

696 1516 851 1587 Nuncupari
865 1514 1025 1585 antiquitus,

698 1611 749 1666 Per
761 1609 904 1681 olympum
918 1605 1078 1664 lucentibus.

696 1702 771 1759 Sicut
784 1702 891 1758 solebat
906 1702 1004 1764 Sirius,

696 1792 873 1849 Abscondunt
884 1792 960 1861 polos
972 1790 1053 1861 pallia

698 1884 762 1941 bate
777 1900 825 1955 per
841 1884 902 1941 eceli
916 1884 1032 1940 culmina

696 1973 843 2031 Flammam
858 1985 969 2030 vomunt
984 1972 1087 2042 lastigie

696 2067 820 2124 Procedit
834 2065 1021 2123 collidentibus
1034 2084 1041 2117 ι

695 2160 883 2218 Glomeraotur
898 2161 925 2215 in
937 2159 1038 2230 glarea.

696 2249 841 2305 Ventorum
854 2265 886 2308 ac
899 2250 1034 2319 correptio

695 2339 772 2397 Salsa
786 2340 945 2411 spumabant
955 2353 1063 2409 aequora

696 2431 820 2488 liodorus
836 2429 1078 2496 contribuamus,

693 2523 782 2591 Atque
794 2520 860 2576 diris
874 2519 1051 2576 dodrantibus

690 2607 993 2680 Suffragauterictorla.

693 2696 796 2751 Pontus
810 2705 952 2751 ventorum
966 2692 1072 2748 fatibus

693 2787 848 2859 Scopulcsls
863 2787 1042 2856 marginibus.

693 2878 839 2933 Altitltroni
858 2878 986 2946 operibns

690 2969 854 3039 Computare
865 2967 894 3044 lu
905 2967 1025 3024 caleuloi

693 3057 771 3114 Nunc
782 3067 913 3128 apparent
926 3058 1067 3130 propatulo

693 3151 746 3207 Per
761 3150 819 3206 bac
832 3151 900 3206 facta
916 3153 1046 3220 recentia,

694 3241 776 3308 Quasi
787 3251 881 3310 quarta
895 3240 984 3310 sigilla

693 3333 895 3390 Somniculosos
909 3331 1041 3387 cantibus.

692 3428 867 3486 Celebrarnus
877 3426 1055 3482 concentibus

692 3523 732 3578 Ao
745 3520 855 3594 syriacis
867 3517 1053 3587 psalmodiam.

692 3610 825 3668 Nutabant
838 3622 854 3662 a
866 3605 1021 3662 fundamine

692 3700 879 3758 fremebunda
897 3696 1050 3770 ingentibus

693 3796 769 3851 Aufae
783 3791 894 3865 pulsatis
905 3789 1036 3862 fortibus,
1047 3850 1049 3854 ,

692 3892 731 3944 Ae
745 3892 854 3944 Aurora
869 3882 1019 3941 turbinibus

691 3980 744 4035 'fot
754 3989 935 4033 monstrorum
952 3974 1071 4047 prodigia

692 4074 775 4130 ‘fecta
786 4082 814 4125 ct
830 4071 962 4142 laquearia

692 4162 805 4221 curicus
820 4171 847 4217 ct
860 4158 1016 4230 creporibus

692 4253 838 4311 Confracta
853 4251 977 4322 linquens
989 4248 1092 4310 limina,

691 4342 840 4413 Popuiante
851 4340 980 4411 pernicie,

691 4431 743 4487 Per
752 4431 846 4485 matris
857 4427 1017 4484 adminicula

692 4518 806 4587 Quidam
817 4517 961 4572 discrimen
973 4513 1077 4570 duobus

691 4612 744 4667 Per
756 4612 857 4666 detera
870 4624 903 4665 ac
916 4607 1017 4665 lubrica

691 4700 846 4755 fletuebant
860 4696 1036 4768 magnoperel

691 4789 776 4846 Porro
787 4805 848 4846 cum
861 4797 939 4845 tetrae
953 4789 1069 4845 tenebrae

692 4884 859 4940 fatiscentes
871 4883 1012 4954 velamine,

691 4976 782 5035 Scissa
794 4991 864 5033 ceca
877 4975 992 5047 ealigine

691 5071 759 5127 furo
772 5073 866 5129 ridens
876 5068 911 5126 ab
921 5069 1033 5126 ecelesia

692 5164 742 5229 En,
756 5164 876 5233 inquam,
888 5159 974 5216 noctis
987 5148 1105 5213 horridae

691 5253 761 5308 Eece
771 5265 841 5307 casas
854 5247 991 5304 cacumina

692 5343 756 5408 Quae
769 5340 892 5398 solebant
905 5336 1060 5393 lautissimas

691 5430 731 5486 Eu
745 5432 910 5501 genistarum
926 5431 1017 5502 aprica

690 5519 827 5577 Pelluntur
841 5520 987 5591 parietibus

691 5612 749 5668 Heu
764 5622 893 5669 tectorum
905 5611 1031 5670 tutamina

692 5705 762 5764 Ecce
773 5714 886 5764 cratesa
899 5703 1015 5763 eulmine

1256 417 1347 473 flatus
1359 416 1423 474 sassi
1437 419 1582 489 spiramina

1254 508 1287 563 Et
1298 507 1350 564 nisi
1365 503 1485 567 natalitia

1255 599 1407 656 'fuerentur
1419 602 1561 660 trementia

1254 685 1357 746 forsan
1372 694 1489 763 quassati
1499 696 1616 752 culmine

1254 778 1483 846 Quemadmodum
1497 787 1643 844 crudeliter

1255 871 1398 941 Propalant
1413 875 1573 946 Euangeliou

1254 960 1348 1017 'furris
1362 959 1476 1034 fregisse
1490 965 1621 1039 fragmina

1254 1048 1324 1119 Ergo
1337 1051 1446 1110 Christo
1457 1053 1485 1109 in
1499 1071 1640 1113 conamune

1253 1141 1348 1199 Grates
1361 1145 1482 1204 dicamus
1494 1148 1609 1208 dulciter

1254 1231 1326 1287 Dosa
1342 1234 1398 1290 fleo
1411 1236 1541 1308 ingenito,

1252 1317 1338 1374 Simul
1348 1335 1409 1378 curn
1422 1335 1517 1381 sancto
1528 1341 1624 1397 supera

1254 1409 1408 1468 fleritautes
1422 1429 1482 1470 eum
1497 1416 1623 1487 saltibus,

1254 1496 1354 1555 Cfirosi
1366 1501 1437 1556 ruris
1452 1501 1535 1560 latera

1255 1588 1351 1646 Casani
1365 1593 1507 1648 contritam
1523 1608 1645 1664 crepero,

1252 1678 1440 1736 praeterissent
1454 1691 1482 1737 et
1494 1681 1603 1739 latebrae

1250 1767 1316 1824 0rto
1327 1769 1431 1838 iubaris
1442 1771 1553 1841 iumine,

1250 1858 1331 1927 Quasi
1342 1861 1437 1916 mortis
1451 1862 1578 1933 imagine.

1253 1949 1342 2022 Tigilli
1360 1952 1418 2009 fusa
1434 1955 1577 2026 fragmine,

1251 2038 1328 2095 Nune
1341 2053 1472 2114 apparent
1486 2047 1638 2115 spectacula
1655 2065 1664 2104 ε

1250 2129 1388 2187 fiadebaot
1402 2134 1436 2189 ad
1452 2136 1619 2203 fundamina,

1250 2220 1326 2276 Sirmi
1346 2223 1439 2279 dulces
1457 2226 1560 2282 deliciae

1249 2311 1447 2372 Frondosarum
1462 2318 1595 2376 velamina

1251 2397 1400 2460 fabrorum
1420 2409 1559 2465 arietibus.

1249 2486 1461 2549 Prosternuntur
1474 2495 1500 2550 in
1515 2498 1602 2566 platea
1615 2517 1622 2552 :

1250 2579 1342 2637 Ruunt
1355 2583 1414 2640 sine
1432 2588 1580 2644 munimine

1250 2673 1312 2729 llaec
1327 2674 1449 2732 fecerunt
1461 2677 1589 2736 ludibria.

1249 2764 1326 2822 Pauli
1339 2770 1427 2824 saneti
1438 2770 1568 2827 solemnia

1248 2857 1415 2917 'fimidornm
1432 2849 1597 2933 precordia.
1711 2928 1714 2936 ,

1248 2954 1599 3022 Quateremuretfulmiue.

1247 3046 1346 3105 lfouies
1361 3048 1439 3104 binos
1449 3051 1567 3116 circiter,
1690 3118 1692 3122 ,

1249 3137 1323 3193 frini
1339 3138 1471 3192 Tonantis
1484 3137 1596 3205 famina,

1248 3226 1314 3284 Com
1328 3230 1460 3283 immensa
1475 3229 1603 3285 maceria.

1248 3314 1401 3387 Ademptia
1417 3316 1586 3384 discrimine,
1692 3297 1698 3309 ⁴

1247 3405 1363 3461 llsnenti
1379 3406 1565 3461 immortaliter

1247 3492 1334 3562 Atque
1345 3502 1426 3564 gnato
1439 3495 1591 3564 progenito,

1246 3581 1321 3640 flatu
1336 3595 1446 3656 regente
1460 3587 1569 3641 saecula.

1330 3731 1427 3772 lActetr
1446 3733 1553 3773 CAMEN
1572 3734 1660 3775 silbo.

1245 3819 1336 3889 ltuper
1348 3820 1382 3877 de
1394 3821 1566 3880 illabentibus

1245 3911 1355 3982 Absque
1367 3926 1442 3968 mora
1458 3928 1517 3969 mea
1533 3925 1606 3971 tuum

1245 4001 1481 4068 Quemadmodum
1496 4006 1628 4062 mellificis

1246 4091 1360 4146 illustris
1373 4094 1508 4163 quondaut
1525 4105 1604 4165 poeta

1243 4177 1312 4250 Styli
1326 4182 1430 4237 calaruo
1440 4183 1554 4239 stridulo

1239 4269 1334 4327 Sacris
1348 4272 1445 4329 inserit
1460 4274 1595 4330 sclaednlis

1245 4356 1384 4413 Erulutam
1396 4359 1523 4416 labilibus

1244 4448 1318 4504 Binis
1332 4449 1433 4505 brumae
1448 4451 1615 4520 temporibus

1244 4537 1306 4592 llox
1320 4538 1454 4607 completa
1469 4540 1647 4608 vergentium,

1245 4627 1418 4683 Hernicorum
1430 4630 1555 4685 sensibus

1245 4713 1561 4783 ilumaeurbiaindigena
1638 4708 1640 4711 ’

1244 4803 1394 4858 Cararante
1404 4802 1549 4873 persedulo

1245 4893 1416 4964 boetiloquus
1429 4893 1555 4949 &Aulius

1243 4983 1335 5039 blundi
1351 4985 1447 5040 ntolent
1462 4984 1597 5040 rotatibus

1243 5073 1380 5129 Protelata
1400 5074 1556 5144 praepatulis

1243 5163 1380 5234 Pepolisse
1396 5164 1542 5233 perniciter

1242 5253 1315 5310 'frini
1330 5255 1405 5310 fuero
1418 5252 1519 5309 famine
1628 5261 1629 5264 ’

1243 5346 1374 5416 Divulgati
1389 5359 1437 5415 per
1449 5346 1550 5401 aetbera

1243 5434 1377 5491 Virtutum
1391 5448 1460 5505 quos
1470 5431 1593 5490 redimita

1242 5523 1430 5593 Paetauamqne
1442 5537 1490 5593 per
1502 5521 1630 5578 fabricans

1241 5613 1316 5670 Fidei
1330 5630 1443 5670 necnon
1455 5613 1587 5670 trilicibus

1242 5702 1287 5762 S'tc
1300 5706 1441 5763 truduntur
1452 5700 1604 5777 tyrannidis
