3832 6114
136 371 242 441 Quibus
255 358 389 421 horrende
400 351 480 413 irruit

140 464 289 524 bellicosus
302 456 330 511 in
344 464 431 522 agone

138 558 337 616 Crunslernatus
346 542 410 615 quid
426 541 521 594 rcrltnt

142 643 241 705 Christi
257 637 347 697 crucis
362 647 411 704 per
423 626 541 685 culnuina

142 741 210 808 oue
224 735 305 803 lugat
319 727 403 783 Oreas
418 719 536 776 horridis

145 834 181 887 nt
193 840 242 884 ros
256 819 351 878 lanosi
365 814 468 871 rirlbus

146 922 263 978 ‘lmcem
273 909 377 969 vicistis
393 919 495 975 tropas

146 1011 199 1083 Qui
213 1005 381 1079 propinquos
391 1004 420 1054 et
431 992 532 1065 patrias

150 1101 236 1175 ignoti
249 1096 320 1154 ruris
334 1089 451 1160 cespites

151 1195 242 1264 deque
256 1188 378 1243 lurentcs
387 1179 506 1237 vortices

153 1282 297 1355 turgentis
308 1277 374 1333 bitis
385 1273 509 1330 tellurem

157 1550 378 1626 ebstnbnnrqoe
392 1545 503 1605 esurias

157 1648 252 1719 necue
267 1643 365 1701 beben
380 1634 547 1695 vibrantibus

159 1742 325 1799 Aberrantss
338 1747 388 1804 per
401 1730 479 1786 deria

159 1833 304 1891 celsorum
316 1823 416 1882 Christi
428 1820 540 1878 militum

168 1925 231 1981 l'orn
244 1924 343 1991 ngapse
358 1931 408 1987 pro
421 1910 540 1970 numinis

164 2011 326 2070 Gradientes
334 2003 460 2063 sublimia

165 2110 242 2166 lllom
255 2102 361 2161 risendi
372 2100 457 2170 gratia

162 2202 247 2258 Nacta
258 2198 354 2253 loreto
370 2190 481 2248 numine

167 2296 269 2352 omues
280 2291 308 2345 hi
323 2289 349 2345 in
362 2285 478 2344 Domino

166 2390 267 2445 Essent
277 2381 364 2455 juncti
381 2375 513 2435 bitumine

166 2477 288 2534 Tandem
301 2474 415 2530 decurre
425 2467 529 2525 concite

169 2568 267 2629 AEdem
281 2566 379 2622 almam
392 2560 486 2617 adiere

169 2663 223 2722 libi
233 2658 306 2718 Petri
315 2651 505 2725 corpusculum

173 2938 316 3008 clavigero
329 2940 357 2990 et
370 2929 453 3001 regim

173 3026 322 3086 intervalla
336 3018 485 3079 obstaculis

173 3124 270 3178 ibrum
283 3117 382 3173 sistens
392 3110 533 3169 stabiliter.

174 3211 232 3268 liri
245 3209 348 3279 absque
357 3201 529 3262 cunctamine

177 3297 280 3355 Summi
295 3293 401 3368 Olympi
412 3303 519 3361 supera,

178 3392 309 3447 cristatos
321 3387 405 3456 cingit
418 3398 520 3440 corona

178 3480 310 3537 AEtbralis
324 3477 384 3533 lueri
399 3481 522 3544 vegetam

180 3573 276 3628 Giraut
290 3566 409 3624 thoracis
422 3566 548 3620 humeros

180 3659 220 3715 ‘l's
234 3657 336 3713 labiosa
352 3653 448 3710 tironis

183 3751 272 3808 lmher
285 3745 369 3804 relati
382 3742 481 3815 ingruit

170 3838 172 3842 ’
184 3837 289 3897 Christi
300 3835 412 3892 adrerso
424 3834 529 3905 agmine

185 3942 295 4000 Furres
309 3943 416 3991 erectos
427 3932 525 3988 indicat

184 4031 312 4092 Ferimus
325 4025 422 4082 frontis
435 4024 530 4080 vexilla

186 4125 278 4181 ‘fumet
289 4120 403 4178 telorum
416 4113 547 4173 imbribus

189 4211 247 4268 tut
259 4210 385 4268 sudantes
397 4205 526 4270 succinis,

190 4306 300 4363 llottent
314 4302 378 4359 belli
391 4299 521 4366 ethereo,

189 4400 372 4469 Aspernantes
385 4390 544 4464 peregrinos

188 4489 292 4547 ddistir
302 4502 367 4545 casu
382 4481 551 4556 praeeipitem

192 4575 338 4634 undisonis
350 4568 502 4642 tragoribus

192 4666 357 4726 Debellantis
370 4678 418 4736 per
431 4670 562 4718 terrorem

192 4759 381 4818 Glomerantes
395 4751 520 4825 genuinis

194 4854 354 4924 tenueque
366 4846 506 4920 Cupidinis

193 4942 360 5015 Lagentibus
373 4953 422 5010 per
435 4935 520 4991 arias.

194 5031 291 5088 Rabidi
302 5027 384 5087 rostri
398 5025 511 5083 rictibus

197 5123 307 5180 bnmosl
321 5120 393 5176 ruris
408 5118 499 5173 limina

196 5214 383 5270 llelreoarunl
394 5208 561 5288 propositum

199 5311 254 5365 lter
267 5321 344 5363 suum
359 5300 511 5361 conaminis

200 5401 275 5460 Petri
291 5406 385 5470 petunt
393 5393 533 5466 sulirsgia,

200 5498 385 5567 Frequentant
394 5498 424 5547 ut
435 5484 567 5545 amnestia

200 5586 276 5648 Petri
286 5582 390 5656 juranti
402 5580 504 5636 lamine

203 5674 263 5740 utut
276 5692 340 5736 tane
355 5689 404 5746 pro
416 5669 514 5731 seculo

698 328 887 391 licrmauitatls
905 322 1006 382 uscidae

698 421 822 495 Perlongl
837 419 913 476 callis
927 416 1011 472 limite

698 511 815 570 Patriam
829 519 909 577 quam
924 501 1025 574 petiere

701 602 777 657 Latet
793 596 890 652 tellure
903 590 1049 648 conditura.

700 687 854 749 conterinis
866 682 995 741 iratribus

701 781 796 841 cantis
807 776 917 835 erulrus
930 770 1052 831 clanculo

702 873 770 931 lel
785 868 899 927 adhaesit
909 865 1019 923 munitm

704 965 763 1033 Quo
775 968 884 1017 erectus
895 953 1051 1011 florentibus

706 1051 830 1108 sociatus
840 1042 999 1100 sublimibus

707 1141 811 1210 lleguat
822 1133 902 1192 isthic
913 1146 961 1203 per
976 1126 1075 1186 saeculs

711 1226 769 1284 llini
781 1223 836 1281 bini
851 1220 994 1279 beantibus

712 1317 834 1373 licentes
844 1325 876 1367 ac
886 1309 909 1367 si
920 1305 1031 1364 lloscula

711 1406 781 1462 Olim
796 1407 901 1471 spretas
916 1395 1030 1466 agilibus

714 1495 771 1548 llon
783 1489 849 1561 quid
863 1490 926 1543 lusu
940 1482 1030 1541 labilia

712 1582 765 1640 Sed
777 1579 841 1651 quid
853 1577 938 1634 lertor
953 1587 1007 1629 con
1017 1568 1127 1628 minima

703 1673 816 1745 Quibus
828 1667 928 1726 ditatur
937 1664 1013 1724 arida

716 1764 756 1820 En
767 1757 901 1818 vehebant
910 1750 1048 1812 uolumina

717 1854 880 1916 ilultimodis
892 1861 920 1909 et
933 1847 1055 1922 mysticis

718 1950 838 2018 Quorum
853 1949 946 1999 auctor
958 1937 1064 1996 cmlitns

720 2043 785 2111 Qttae
797 2035 936 2108 prophetae
945 2027 1063 2101 apostoli

596 2104 636 2122 ’Μ
721 2129 876 2191 ludrderunt
889 2133 1059 2196 pergamenae

595 2273 611 2281 ,.
722 2223 798 2280 clune
813 2217 928 2274 restium
941 2211 1076 2269 velamina

722 2310 890 2379 blirillcoque
907 2314 1021 2362 munere

722 2405 842 2473 Quaque
855 2397 894 2454 ita
907 2390 1029 2452 enormia

723 2490 839 2550 Pulchro
855 2495 966 2556 prorsus
982 2476 1128 2551 propagine

724 2581 806 2640 linari
821 2576 943 2649 quadam
955 2568 1091 2644 genimina

170 2756 241 2812 Tum
255 2751 340 2806 altare
353 2745 476 2802 felicibus
726 2672 811 2732 ⁸⁰¹3st
824 2670 923 2740 tuique
937 2663 1058 2723 rescitur
1134 2725 1138 2732 ·

171 2842 281 2906 mun
294 2833 475 2908 ‘hemum
560 2873 598 2921 ⁸.
639 2841 645 2910 .'
729 2859 822 2928 Neque
836 2853 899 2910 illos
917 2846 1068 2922 quigenuit

727 2767 852 2836 Cumque
864 2761 956 2832 proles
967 2752 1138 2830 progreditur

729 2951 824 3007 letum
837 2945 920 3000 boant
929 2955 963 2998 ex
974 2936 1079 2994 semine

731 3041 785 3099 Sed
797 3037 862 3109 quid
877 3033 960 3105 magis
975 3024 1099 3086 mirabile

734 3136 790 3190 Ora
803 3128 854 3185 riri
864 3136 891 3184 et
905 3123 1013 3182 lemine

736 3221 873 3283 Parturire
891 3213 1058 3288 progenitum

737 3316 809 3371 Lana
822 3307 889 3367 ostri
902 3303 1018 3362 elabitur

737 3403 857 3474 spissam
871 3409 921 3454 ceu
933 3403 1032 3450 aranea
1057 3387 1061 3394 '

738 3499 859 3565 Tumque
870 3492 940 3545 lanae
953 3479 1093 3541 latratibus

657 3647 659 3650 Α
742 3589 799 3646 l'ila
817 3587 844 3641 in
858 3596 919 3655 quse
933 3574 1080 3635 resoluitur

741 3680 805 3738 lude
817 3680 959 3733 suntuntar
969 3664 1055 3725 serica

742 3773 862 3841 Quorum
875 3754 1048 3835 persplendet
1059 3747 1163 3823 speeies

743 3855 862 3918 Paradisi
873 3849 995 3926 puniceis

743 3949 846 4020 Quibus
860 3945 931 4000 inter
938 3939 1057 3997 eburnea

744 4039 800 4102 Sic,
814 4035 856 4092 sic
867 4045 934 4089 saue
946 4023 1102 4096 sanguinea,

745 4126 859 4186 Pulcbre
874 4123 943 4193 picta
959 4113 1087 4190 perniveo

746 4212 830 4271 liridi
843 4209 917 4267 lulro
930 4207 1015 4263 boreo

634 4325 637 4331 ¹
703 4332 712 4352 ·
748 4301 866 4362 Paradiai
881 4294 1029 4368 cespitibus

747 4395 912 4467 Angelorum
924 4401 986 4447 cum
1002 4384 1134 4450 millibus,

750 4491 870 4559 Carpens
878 4491 979 4540 aterna
992 4475 1101 4549 gaudia.

749 4576 903 4635 blerltorum
917 4566 1050 4626 meatibus

750 4664 870 4726 Paradisi
881 4675 930 4733 per
942 4658 1026 4714 horsa

752 4758 855 4818 l’atrias
869 4757 965 4826 petunt
976 4743 1100 4806 cursibus

630 4865 639 4872 “
752 4848 979 4916 cosmiquarunt
993 4835 1136 4910 quisquilia

753 4939 952 5000 charismatum
965 4927 1121 4994 donamina,

756 5031 910 5090 Animarum
924 5034 972 5093 per
985 5018 1090 5075 dorida.

755 5126 902 5183 llumrrosa
916 5128 966 5186 psr
979 5110 1097 5182 agmina.

757 5210 918 5272 illucubrata
929 5195 1060 5257 normulis

758 5304 862 5361 Adesse
873 5296 981 5353 constat
993 5287 1084 5351 alitus,

759 5386 909 5459 hoctiloqci
920 5378 1021 5440 oraculi

760 5487 837 5542 blmo
850 5473 952 5536 inllantl
967 5466 1076 5526 hamlne

761 5575 819 5634 lilla
834 5568 951 5642 produnt
963 5556 1083 5618 oramina

761 5655 1070 5737 Perlersbantproperc.

547 223 702 291 ANONWl
719 213 886 281 crisanti
904 213 952 272 llo
970 201 1136 272 muchan
1156 192 1359 260 bnodtltttt.

1256 305 1373 362 Eliciont
1383 300 1496 360 ssordla

1257 401 1421 470 beprompts
1432 399 1460 455 io
1473 392 1580 463 origine

1261 489 1366 547 vermis
1377 485 1487 544 luerunt
1501 483 1611 540 minima

1259 580 1366 637 Bruma
1379 585 1496 634 meatum
1509 574 1609 630 oritur.

1260 671 1378 726 urorum
1393 667 1453 721 alto
1465 664 1552 720 oritur

1264 757 1369 814 vermis
1384 755 1455 812 idem
1471 751 1586 809 recaluit

1263 847 1320 904 lmo
1333 853 1436 902 nature
1450 842 1573 914 germine

1264 933 1363 989 blundo
1375 941 1402 988 et
1411 927 1581 1000 desperabile

1263 1022 1395 1080 Galillcati
1409 1022 1502 1078 calore

1266 1114 1361 1171 Fctum
1375 1113 1479 1184 vellere
1493 1115 1617 1184 uegetum

1267 1204 1420 1262 vermiculo
1434 1217 1495 1259 cum
1510 1202 1625 1259 uertitur

1268 1299 1359 1356 'lelsm
1373 1297 1439 1355 terit
1456 1307 1613 1352 muscanea.

1269 1393 1347 1448 Fusrc
1360 1389 1438 1445 valde
1450 1386 1604 1444 solantibus

1272 1481 1358 1540 Veluti
1376 1478 1443 1537 setis
1457 1486 1596 1547 torquetur

1271 1569 1336 1637 Qua
1349 1567 1493 1638 portabant
1506 1563 1656 1634 promiscua

1274 1659 1390 1717 Pulchra
1404 1671 1455 1712 ceu
1469 1653 1595 1726 planities

1275 1750 1424 1820 Purpurata
1439 1760 1500 1802 oum
1515 1743 1602 1802 rosels

1276 1840 1343 1897 bilia
1359 1838 1449 1894 locant
1462 1835 1533 1891 linea

1275 1930 1429 1988 sericorum
1445 1925 1560 1997 insignia

1276 2020 1375 2076 Colore
1389 2025 1469 2086 atqua
1481 2028 1589 2082 mcccc,

1279 2109 1379 2164 Fucats
1391 2113 1472 2175 atque
1485 2103 1563 2160 lanea

1280 2200 1316 2257 lit
1328 2198 1468 2270 peplorum
1481 2208 1530 2263 per
1542 2191 1624 2262 pallia

1280 2291 1346 2346 Tam
1358 2296 1511 2345 sanctomnt
1522 2281 1650 2353 reliquias

1282 2381 1457 2440 Adrshebant
1467 2374 1614 2434 enormiter

1282 2476 1351 2544 Quae
1362 2469 1513 2529 concedunt
1525 2464 1646 2522 ommim

1283 2568 1394 2626 llecnou
1406 2561 1494 2620 adhoc
1507 2553 1694 2615 munusculum

1283 2655 1453 2717 'thoracidos
1466 2648 1602 2708 tuentibus

1286 2752 1418 2823 imagines
1430 2741 1555 2802 aurileris

1287 2845 1407 2914 Cumque
1418 2837 1502 2895 mults
1514 2829 1682 2904 magnanima

1285 2935 1389 2997 Christi
1400 2941 1508 3001 sponsa
1519 2922 1648 2983 Ecclesiae

1289 3031 1323 3086 Et
1335 3030 1454 3099 iptorum
1465 3027 1494 3077 et
1504 3015 1623 3080 omniurn

1291 3120 1415 3177 valetote
1427 3110 1548 3192 lelicibus

1293 3212 1409 3269 l’ulebra
1421 3203 1544 3280 pandunt
1552 3198 1692 3256 ornamina

1292 3300 1485 3359 Nonnullorum
1496 3292 1609 3353 eximias

1293 3395 1401 3451 bicatus
1414 3396 1480 3446 nutu
1492 3385 1597 3441 nariter

1292 3483 1431 3543 orantium
1444 3477 1533 3536 lldelia

1293 3576 1408 3647 Quidam
1422 3573 1523 3629 addunt
1534 3561 1742 3638 pulcherrimum
1792 3567 1793 3570 ’

1295 3669 1489 3735 ltetorquentes
1500 3651 1646 3714 luminibus

1294 3752 1396 3815 Christi
1408 3749 1502 3807 matris
1511 3743 1643 3816 capitibus

1297 3842 1482 3904 Perdueebaot
1493 3833 1637 3895 donamina

1297 3942 1397 3998 Cuncta
1411 3931 1533 3992 terebant
1543 3927 1640 4000 opime

1300 4030 1378 4095 ttatri
1388 4025 1497 4083 Christo
1508 4019 1676 4080 credentium

1301 4128 1388 4184 llitam
1402 4115 1521 4179 clausmi
1532 4110 1661 4177 mineus,

1400 4276 1498 4324 inerms
1511 4267 1618 4317 ctrssrt
1631 4266 1720 4321 ttruu.

1303 4432 1441 4488 Summum
1453 4430 1570 4481 satorem
1581 4415 1649 4472 solis

1305 4523 1360 4580 hltl
1373 4517 1479 4594 olympi
1491 4513 1602 4572 arcibus

1304 4619 1406 4671 cuncta
1416 4618 1531 4664 cernens
1541 4597 1681 4658 cacumine

1305 4706 1366 4762 hita
1379 4698 1433 4773 poli
1443 4704 1471 4754 et
1481 4694 1571 4752 iullma

1305 4798 1387 4868 Cuius
1397 4794 1526 4848 immensa
1538 4795 1648 4840 munera

1307 4893 1459 4954 Antequam
1473 4878 1542 4933 ricta
1555 4867 1650 4926 rabido

1307 4977 1361 5032 Ore
1375 4970 1486 5029 halitum
1499 4971 1612 5032 eorpors

1308 5063 1467 5124 Carminars
1476 5050 1652 5114 concernunt

1311 5161 1398 5230 lpsnm
1411 5150 1532 5225 prolecto
1542 5143 1668 5220 precibus

1310 5248 1432 5306 hllldens
1441 5239 1618 5300 libentissime

1310 5345 1453 5402 curvatam
1464 5331 1527 5391 colli
1537 5327 1670 5386 ceruicem

1312 5430 1446 5497 titubant
1459 5419 1588 5482 tutamina

1314 5523 1491 5587 §acrosancta
1505 5505 1655 5566 sublimiter

1315 5622 1391 5681 bima
1403 5627 1451 5689 per
1461 5593 1621 5667 adminicula
