3832 6114
137 232 189 286 ggp
640 211 668 267 S.
690 206 892 265 btttttstztbs'
910 199 1061 259 bucolt.
1085 204 1279 264 ettse’ttetis.
1704 205 1778 297 'eto

133 344 313 398 confluerent.
339 336 529 393 i'erumtamea
553 346 587 387 es
614 341 695 385 tautae
718 327 840 383 scientim
856 324 928 378 douo
941 317 969 375 A
983 321 1041 377 irrue
1052 338 1144 377 seettm
1159 323 1311 378 diutissime
1319 328 1456 386 tractaret,
1469 321 1699 395 solertissimeque
1706 325 1778 383 doli·

133 448 199 492 sese
222 431 374 487 nullatenus
396 422 555 488 attollebat,
572 420 675 476 nullum
699 417 814 472 minoris
828 412 929 484 ingenii
982 413 1097 480 iteraret,
1113 413 1219 471 tandem
1233 412 1267 469 atl
1281 412 1399 483 predicti
1414 413 1519 469 elrbstis
1534 413 1656 469 notitiam
1667 415 1779 485 detulit,

136 523 296 596 spanensem
320 518 368 575 sert
391 523 491 588 quanto
504 512 598 582 majori
615 509 655 566 tel
667 504 836 564 litteratoriae
851 502 930 559 iutel-
981 512 1008 557 ot
1027 518 1088 558 eum
1103 502 1136 559 ad
1159 504 1304 560 tntnntatts
1315 518 1371 559 sate
1382 519 1545 561 eonsensum
1557 504 1652 576 magna
1666 522 1777 576 preeunt

138 614 254 685 ligentite
268 610 311 666 sei
326 609 438 665 aliarum
450 606 578 662 rirtutunt
593 599 756 658 excellentia
770 612 786 653 a
800 596 857 652 beo
873 609 930 664 pras
983 592 1108 651 instantia
1129 593 1264 650 declinare
1288 594 1399 650 studuit.
1421 595 1469 663 Qui
1485 594 1548 650 iicet
1560 596 1622 651 talia
1638 597 1779 655 admirans

137 707 243 764 samnis
267 703 485 775 promovebatur.
509 705 586 755 tanto
599 695 741 761 humiliot,
757 701 831 749 taam
844 690 930 746 deso·
982 684 1028 739 (liu
1052 685 1171 755 poscenti
1198 686 1342 750 obstiterit,
1359 686 1546 755 licentiamque
1559 686 1712 758 bojamundi
1727 706 1779 745 ne·

137 799 191 860 tim,
216 799 250 854 ,ἁ
274 797 334 867 eju·
352 791 550 864 mmmmm,
570 798 599 846 eg
620 783 928 858 nannctinnisstudium
981 780 1094 848 gaterit,
1118 788 1256 848 postremo
1270 786 1371 846 tamen,
1388 777 1553 847 providentia
1569 778 1658 834 divina
1674 780 1778 851 praetle

138 891 313 957 sentiebatur,
328 888 450 945 recolens
462 885 561 956 iugiter
573 880 638 938 iliud
651 878 787 949 sementia
800 896 807 932 :
825 877 930 946 Quanto

138 1000 247 1059 maguus
266 1000 304 1049 ss,
319 979 428 1036 insitis
448 987 473 1034 te
490 980 518 1033 irs
538 975 656 1032 omnibus
679 973 830 1046 (Earini).

208 1075 253 1131 il.
267 1104 303 1116 -
317 1072 445 1130 Sacerdos
465 1070 599 1129 ordinatus
613 1080 684 1125 enno
693 1065 779 1122 oetott's
793 1080 859 1123 xts.

171 1171 240 1224 (lum
260 1181 325 1238 ergo
343 1180 377 1220 eo
395 1179 449 1235 quo
464 1163 581 1218 diximus
596 1161 668 1229 stistt,
686 1168 714 1215 et
728 1160 787 1228 ipss
801 1156 869 1212 aiios
883 1154 933 1209 itu-

138 1262 249 1320 militate
274 1273 306 1313 ae
334 1254 502 1326 subjectione
526 1251 699 1324 praeveniret,
725 1258 752 1304 et
776 1248 850 1304 iiiam
871 1246 931 1315 aiii,

136 1351 277 1424 sapientie
300 1350 359 1419 eius
386 1361 495 1402 rumore
511 1343 613 1400 incitati
628 1343 671 1398 roi
686 1342 772 1411 ipsius
785 1337 934 1395 saluberri-

139 1461 182 1502 ma
193 1443 314 1500 doctrina
326 1440 462 1506 instructi,
480 1445 574 1492 mutuo
588 1435 694 1490 bonose
707 1430 891 1504 provenirent
904 1436 935 1483 ut

137 1547 253 1610 patrem,
276 1535 409 1592 universis
434 1534 533 1601 ineius
556 1529 662 1587 laudem
684 1525 932 1589 conclamantibus,

137 1640 220 1700 atque
237 1627 271 1683 ad
294 1626 416 1696 singulos
437 1621 613 1679 ecclesiastici
639 1617 743 1674 ordinis
757 1615 930 1687 gratiuseum

138 1718 369 1791 promoventibus,
388 1714 496 1770 tandem
513 1712 545 1767 atl
559 1709 735 1768 sacerdotalis
745 1707 827 1762 otiieii
839 1704 930 1773 digni·

139 1817 222 1863 tstem
235 1806 344 1877 triginta
360 1812 406 1859 ant
420 1817 454 1859 eo
466 1801 581 1873 amplius
593 1813 680 1855 annos
693 1798 797 1853 babens
810 1797 929 1865 eiigitur.

139 1898 271 1968 Stsseeptn
297 1910 362 1951 sero
386 1893 530 1951 sacerdotii
545 1893 675 1964 dignitate
688 1890 796 1960 quatem
810 1903 840 1945 se
854 1886 933 1945 osbi·

143 1990 229 2046 buerit
246 1991 274 2043 t'o
291 1988 431 2054 utriusque
446 1985 561 2041 bominis
579 1983 750 2048 contritione,
764 1979 856 2055 [Frate
869 1995 936 2036 con·

139 2077 252 2151 elisione]
267 2075 472 2131 utsnesameuti
500 2076 620 2133 cretosus
643 2074 740 2144 riignrts
763 2071 936 2138 iissetpsrtl·

141 2170 284 2239 eipatioue,
303 2168 400 2224 melius
411 2166 544 2238 colligitur
559 2181 590 2220 es
604 2179 717 2233 operum
731 2177 841 2220 suorum
856 2161 934 2218 testi-

141 2261 244 2328 monio,
257 2274 338 2332 quam
349 2260 403 2315 allo
417 2259 560 2315 verborum
576 2257 686 2315 indicio.

212 2353 245 2409 t.
259 2382 296 2397 -
306 2352 408 2423 Sgssodi
421 2360 516 2407 statuta
525 2351 560 2405 ed
570 2351 792 2423 sscitepiscopun
804 2350 865 2421 pert.

177 2445 278 2502 iiotlem
292 2459 357 2500 reto
373 2451 496 2513 tempore
506 2450 635 2512 reguame
652 2442 693 2512 ln,
706 2441 937 2499 west-&isonam

145 2554 222 2611 rege,
254 2551 323 2592 nora
345 2535 468 2608 qtttstlsnt
489 2534 587 2591 reditio
599 2535 625 2592 in
638 2535 759 2605 partibus
772 2534 825 2591 iliis
840 2542 936 2593 exorta

140 2638 193 2694 est,
208 2641 258 2698 pro
270 2640 324 2698 qtta
337 2624 533 2696 compescenda
545 2624 637 2681 statim
653 2625 775 2696 praeliati
787 2625 858 2696 regis
868 2640 939 2696 pras·

141 2728 222 2789 cepto
236 2718 434 2788 primatumque
446 2730 557 2773 suoram
567 2714 686 2772 coasilio
696 2716 828 2789 synodale
842 2730 938 2773 serto·

143 2822 201 2863 rum
225 2806 273 2865 bet
294 2808 421 2864 statuitur
442 2807 597 2863 eonsilium.
612 2807 746 2875 Quodam
758 2823 855 2864 omnes
870 2823 936 2863 earn·

143 2898 275 2964 renitent,
301 2905 330 2954 et
338 2897 518 2954 dissensionis
537 2904 641 2954 stortae
654 2912 763 2956 eattsam
779 2898 935 2967 delinirent,

981 867 1111 936 stipante,
1126 868 1261 925 convaluit
1272 883 1361 923 sermo
1377 869 1502 938 petentis,
1518 879 1544 923 et
1560 876 1658 924 tantam
1673 870 1780 927 abbatis

983 960 1146 1030 fratrumque
1159 976 1270 1020 suorum
1282 960 1453 1017 devotionem
1468 962 1546 1016 sinrrrl
1562 971 1590 1018 et
1611 977 1704 1018 euram
1728 964 1776 1019 ati·

983 1061 1075 1122 optato
1086 1053 1173 1107 itineri
1186 1051 1286 1108 babere
1300 1052 1408 1119 merrrit,
1423 1062 1451 1108 nt
1464 1052 1489 1110 ei
1502 1057 1651 1110 necessaria
1664 1071 1782 1127 queque

984 1158 1032 1209 pru
1055 1143 1150 1199 tistieo
1176 1144 1378 1214 impenderent,
1405 1147 1547 1216 satiusque
1566 1148 1780 1219 supplicationes

983 1247 1043 1288 eum
1059 1234 1185 1306 iacrymis
1198 1237 1316 1304 prolatas
1327 1251 1376 1306 pso
1390 1252 1423 1291 eo
1436 1247 1557 1307 agerent,
1573 1240 1740 1308 postulemus
1751 1250 1785 1299 ut

983 1326 1096 1397 angelus
1123 1325 1228 1383 Domini
1256 1329 1341 1383 boum
1365 1343 1457 1384 comes
1485 1329 1545 1400 ejus
1570 1329 1669 1402 ubique
1696 1338 1782 1397 oeset,

983 1431 1099 1488 eumque
1112 1415 1146 1472 ad
1162 1431 1289 1487 prospera
1304 1428 1399 1473 cuneta
1415 1418 1552 1489 dirigeret.
1569 1419 1609 1475 ae
1625 1421 1683 1476 bec
1696 1423 1782 1479 ctiam

983 1506 1051 1563 duos
1075 1507 1182 1572 iratres,
1206 1523 1320 1578 quotum
1345 1509 1479 1578 corporali
1501 1511 1689 1583 spiritualique
1703 1512 1783 1585 iasa-

983 1604 1056 1655 miuc
1069 1609 1277 1667 sustentaretur,
1286 1616 1376 1657 secam
1386 1603 1460 1658 abire
1470 1619 1510 1673 per
1519 1607 1659 1661 unisonum.
1670 1606 1782 1679 Sisque.

986 1694 1124 1763 utriusque
1146 1693 1264 1750 bominis
1289 1697 1477 1765 supplemento
1497 1697 1633 1767 substitus,
1650 1714 1784 1771 prospero

983 1798 1063 1840 eursu
1093 1784 1228 1855 proiectus
1239 1793 1290 1851 est,
1308 1789 1483 1857 pervenitque
1496 1789 1530 1846 se
1545 1790 1632 1845 ioeum
1644 1788 1689 1861 qui
1704 1794 1781 1849 anti·

984 1890 1038 1948 quo
1051 1878 1198 1950 ingles-nm
1208 1887 1235 1934 et
1249 1878 1386 1935 Sasernam
1403 1881 1532 1938 vocabulo
1543 1883 1693 1952 appellatus
1704 1883 1778 1940 Lun-

985 1965 1107 2033 tleuttie;
1123 1982 1165 2036 ae,
1181 1982 1235 2023 non
1250 1969 1333 2023 trtulto
1348 1979 1486 2026 trausacto
1496 1970 1674 2041 postliminio,
1688 1982 1781 2032 baras·
1816 2006 1822 2019 ·

985 2058 1034 2115 isit
1055 2061 1088 2116 ad
1125 2059 1253 2128 ilorstet,
1286 2061 1378 2133 ibique
1404 2064 1558 2134 aliquandiu
1585 2079 1781 2135 corruuorauss,

986 2153 1093 2210 debitas
1110 2155 1164 2210 ileo
1176 2155 1305 2225 persolvit
1318 2156 1362 2212 die
1374 2171 1507 2227 noctuque
1523 2158 1629 2215 laudes.
1643 2159 1697 2215 Sed
1715 2175 1782 2229 quo-

987 2246 1061 2303 niam
1084 2261 1132 2316 per
1157 2247 1228 2304 idem
1243 2256 1350 2322 ternpus
1365 2250 1469 2305 bestilia
1482 2250 1627 2317 dissensio,
1639 2265 1734 2309 etorta
1745 2254 1785 2311 itt·

988 2349 1030 2399 ter
1040 2341 1167 2399 &solum
1183 2343 1331 2413 principem
1345 2344 1547 2415 gloriosumque
1556 2345 1652 2404 docem
1665 2345 1789 2404 i'ranco-

987 2449 1047 2493 rum
1068 2443 1096 2491 et
1118 2433 1269 2493 uatbetsm
1297 2451 1389 2507 regem
1423 2435 1587 2502 Fcisouum,
1612 2439 1726 2509 pupulos
1751 2454 1786 2495 es

987 2534 1101 2597 auoque
1128 2538 1204 2596 parte
1226 2526 1412 2599 perturbabat,
1427 2527 1597 2599 maximaque
1614 2544 1676 2598 pass
1691 2528 1787 2588 sente

987 2618 1088 2677 siarum
1110 2617 1219 2686 Cbristi,
1235 2635 1295 2692 quae
1311 2619 1477 2677 Francorum
1493 2622 1567 2691 prius
1581 2621 1607 2676 in
1619 2620 1705 2677 Frisia
1721 2622 1788 2681 sns-

986 2712 1064 2781 iectse
1087 2723 1164 2769 eraut
1190 2712 1317 2780 imperio,
1341 2713 1456 2769 iiatbedi
1477 2715 1663 2783 perseeutione
1678 2715 1785 2773 irretiat-

989 2802 1080 2870 bente,
1096 2802 1230 2860 idolorum
1244 2804 1358 2861 culturae
1367 2803 1514 2877 lugubriter
1527 2804 1699 2873 reddebauu,
1710 2804 1791 2863 ideo·

989 2912 1043 2967 que
1058 2898 1100 2956 ris
1121 2896 1180 2961 bei.
1201 2907 1341 2968 perspectu
1365 2908 1444 2955 tantm
1457 2898 1643 2970 perversitatis
1656 2899 1739 2962 mula,
1753 2913 1789 2955 et

142 2988 310 3060 sapientibus
332 2987 490 3059 quibusdam
514 2988 613 3058 placuit
628 2998 657 3045 ιιι
670 2990 800 3047 unitersa
819 2990 856 3047 ibi
870 2989 938 3047 dell·
951 3010 976 3077 c
991 2989 1045 3047 iliis
1060 2989 1180 3061 partibus
1194 2989 1330 3053 discessit,
1347 2999 1374 3047 et
1386 2989 1510 3059 persentit
1522 2989 1554 3045 ad
1566 2989 1684 3057 irecltt;
1695 2989 1791 3061 ibique

144 3081 200 3136 nita
215 3079 249 3136 sd
261 3080 457 3153 areisirpiseopi
468 3080 629 3137 venerabilis
640 3078 792 3137 cantuariae
806 3082 935 3150 ciuitatis,
990 3085 1070 3139 ctis·
1098 3091 1283 3140 commoratus
1306 3081 1453 3152 aliquantis
1464 3083 1561 3138 diebus
1574 3123 1582 3150 ,
1595 3082 1793 3139 attentantem

142 3172 188 3243 qui
203 3171 290 3227 dietas
304 3181 346 3228 est
360 3171 560 3240 bertituaidns,
577 3171 700 3227 notitiam
715 3173 866 3231 deterrent.
886 3174 937 3233 Cui
989 3192 1079 3246 regem
1094 3175 1246 3232 iiatbedum
1261 3175 1397 3234 allocutus
1412 3185 1464 3242 est,
1480 3176 1624 3234 obsecrans
1637 3185 1696 3233 ute
1712 3185 1793 3233 tanta

144 3277 203 3331 res,
227 3277 280 3319 una
307 3277 369 3318 cum
394 3264 514 3319 omnium
539 3262 791 3333 elericoramatque
806 3264 938 3322 laicorum
988 3266 1119 3336 pravitate
1132 3266 1295 3338 quiesceret.

145 3355 507 3421 multitudinecousentiens,
524 3357 683 3413 sciscitatus
696 3366 739 3412 est
752 3358 812 3428 quis
827 3355 938 3428 potissi·
991 3379 1044 3437 pn·
1058 3408 1097 3427 ,,
1112 3381 1236 3437 gemm
1265 3384 1292 3436 ἡ,
1317 3382 1439 3452 mmmm
1460 3383 1557 3438 mm,
1582 3385 1678 3439 „wum-
1700 3384 1792 3440 pm·

144 3463 218 3502 muns
242 3448 321 3520 bajus
346 3448 490 3519 legationis
507 3448 614 3505 delator
626 3461 688 3505 esse
704 3449 847 3519 potuisset.
861 3448 938 3507 'ioue
1219 3463 1331 3508 recusat.
1348 3453 1456 3509 itamaros
1470 3456 1542 3523 petit.

145 3540 295 3610 praecipuus
316 3541 386 3596 inter
401 3556 448 3596 eos
461 3539 672 3597 archimandrita
687 3539 845 3609 winberti,
862 3541 939 3613 euius
1025 3541 1089 3597 Post
1112 3540 1171 3599 lateo
1193 3557 1267 3608 rere,
1289 3544 1435 3611 peragratis
1457 3543 1528 3598 iliius
1553 3553 1630 3598 terrac
1651 3544 1790 3611 partibus,

143 3632 270 3701 superius
280 3650 342 3688 metr
356 3635 443 3689 ionem
455 3634 584 3698 ieeirttus;
595 3632 940 3704 eswtntrnqntnronaste·
988 3627 1104 3687 sollicite
1114 3630 1265 3700 exploratit
1280 3632 1304 3685 si
1319 3632 1415 3687 alieubi
1430 3635 1455 3686 iu
1476 3648 1507 3686 ea
1528 3633 1665 3701 provincia
1689 3634 1792 3703 pradi-

144 3722 187 3777 rio
200 3722 393 3779 lilessesburett
409 3723 482 3781 dictu
494 3723 655 3795 presidebat
670 3734 718 3793 ;et
732 3724 881 3791 beorwart,
894 3722 938 3795 tgui
987 3720 1104 3776 cationis
1124 3730 1226 3788 pateret
1238 3721 1324 3779 loeus.
1339 3722 1460 3791 Cumque
1472 3723 1597 3779 diutmna
1609 3724 1792 3794 inquisitione

142 3813 297 3872 coenobium
313 3816 383 3887 quoti
399 3815 624 3887 Glestiugsburelt
641 3816 938 3888 noncupatetregetran
990 3810 1150 3882 intelligeret
1173 3826 1203 3866 se
1217 3810 1314 3867 lrnstra
1336 3813 1433 3868 ibidem
1455 3814 1625 3883 praedicando
1644 3814 1792 3871 introeatu-

144 3920 251 3963 ueenon
268 3914 296 3962 ct
310 3907 355 3962 etii
376 3908 451 3963 multi
473 3908 642 3964 tenembites
657 3908 707 3964 siri
720 3919 844 3965 sarnetum
861 3905 940 3961 Burri·
988 3916 1062 3967 turn,
1088 3901 1161 3957 arida
1177 3903 1307 3972 spirituali
1332 3903 1471 3961 fertilitate
1488 3921 1551 3961 atra
1567 3907 1686 3977 reliquit,
1709 3918 1740 3965 et
1755 3908 1793 3965 asi

143 3997 243 4054 tacitns
265 3998 379 4054 accitum
394 4000 563 4057 penituerunt
576 4002 609 4055 snt
626 4001 937 4070 supereminentesque
990 3993 1079 4049 tratale
1091 3993 1178 4050 solum
1194 3996 1403 4067 transmigrarit.
1423 3996 1525 4053 luterea
1540 3999 1637 4055 accidit
1651 4010 1679 4054 ut
1692 4016 1796 4056 suona-

143 4088 272 4159 legationi
297 4097 377 4143 tantae
393 4088 527 4144 idoneum.
543 4090 668 4160 itusque,
684 4090 827 4144 commissa
844 4105 937 4161 aroge
989 4086 1063 4141 stetii
1091 4087 1131 4140 sui
1156 4086 1249 4150 i'ater,
1270 4086 1394 4155 deposito
1419 4089 1510 4145 ecstasis
1532 4090 1679 4158 ergastulo,
1702 4091 1791 4147 sitam

144 4178 289 4250 legationis
303 4178 425 4250 eiusdem
440 4194 520 4234 eausa
537 4178 665 4234 adbibitis
674 4195 717 4248 pue
731 4193 825 4234 seeum
838 4180 938 4248 sociis,
990 4185 1151 4246 presentem
1161 4175 1266 4244 linitet;
1278 4176 1356 4247 estius
1366 4179 1440 4234 obitu
1452 4179 1548 4234 iratres
1559 4181 1671 4237 nitniuns
1683 4183 1792 4237 contri·

146 4269 282 4340 pausamus
298 4278 340 4324 est
350 4269 382 4322 ati
397 4266 465 4324 cent
475 4266 524 4337 (id
537 4279 584 4335 est,
600 4270 796 4342 cantuariam),
810 4280 838 4327 et
851 4270 939 4329 stubi-
988 4266 1068 4332 stati,
1082 4265 1129 4321 sesi
1143 4282 1158 4320 a
1174 4265 1252 4321 beato
1267 4267 1325 4322 ciro
1340 4269 1523 4337 spiritualibus
1536 4252 1679 4340 colloquiis
1695 4270 1792 4327 iastiu-

145 4361 473 4432 episeopopraennminatu
482 4362 628 4432 sapienter,
637 4364 862 4434 quemadmodum
871 4365 938 4421 etlo-
954 4360 1052 4443 peati.
1066 4368 1092 4412 et
1107 4367 1146 4424 ut,
1160 4358 1363 4429 regularissimi
1378 4377 1499 4416 nortuum
1512 4374 1715 4426 consectantes,
1734 4364 1791 4420 Pa·

144 4460 207 4509 ctos
220 4460 288 4515 erat,
304 4452 393 4508 omnis
410 4468 458 4524 per
473 4453 595 4510 ordinem
608 4455 752 4524 iutimssit,
765 4467 793 4512 et
808 4465 869 4526 post
881 4472 935 4512 noa
992 4460 1059 4507 trem
1075 4450 1222 4520 quemlibet
1237 4452 1404 4521 spirituatem
1422 4454 1554 4520 eligerent
1569 4454 1727 4509 omnimodo
1744 4456 1791 4511 iss·

145 4543 315 4600 multosdies
324 4558 458 4613 naerens,
470 4545 584 4616 praelatu
594 4545 690 4618 regiae
700 4548 835 4615 praedictis
849 4550 937 4605 sessis
989 4542 1097 4607 structi,
1109 4554 1205 4597 outucs
1219 4541 1306 4611 ipsum
1321 4554 1459 4610 sanetum,
1470 4545 1514 4616 qui
1528 4561 1561 4601 eo
1571 4554 1693 4616 tempore
1708 4545 1792 4605 tvis-

145 4635 193 4693 bet
203 4653 236 4695 es
247 4637 388 4711 legationis
395 4640 548 4695 commisse
558 4648 802 4710 responsostreuue
815 4652 935 4710 peracto,
990 4632 1040 4688 isid
1051 4633 1202 4703 dissimilii.
1218 4636 1298 4691 *illice
1310 4637 1499 4703 ewellatultlt.
1515 4649 1544 4693 ut
1559 4638 1725 4708 pastorale·
1740 4655 1792 4696 eu·

145 4738 271 4800 magnam
298 4731 435 4788 sutrensis
457 4731 832 4804 entstttiitgaudium.0uade
846 4748 875 4788 re
888 4748 937 4789 ns-
990 4743 1037 4797 per
1050 4741 1099 4783 eus
1118 4729 1255 4797 suscipere
1275 4743 1366 4785 euram
1380 4728 1548 4802 dignaretur.
1566 4732 1601 4786 At
1620 4731 1675 4798 iile,
1686 4731 1790 4791 altiora

144 4834 207 4878 men
232 4822 291 4894 ejus
311 4832 366 4879 mm
391 4825 462 4895 apud
477 4825 622 4881 emulatus
632 4839 712 4893 quam
723 4822 794 4894 sputi
807 4825 937 4883 ecelesia·
988 4836 1101 4891 qusrqtte
1112 4820 1138 4875 its
1149 4821 1239 4876 attimo
1254 4836 1361 4891 gerens,
1380 4838 1433 4878 uon
1448 4838 1543 4880 eorum
1559 4838 1653 4894 preces
1668 4823 1723 4881 aiio
1739 4841 1791 4887 su·

148 4912 207 4970 ttici
233 4913 336 4970 ordinis
353 4917 426 4969 siros
440 4915 549 4970 celebre
563 4913 725 4982 habebatur,
738 4916 849 4972 adeant
864 4924 937 4986 post·
989 4910 1089 4982 peruias
1115 4911 1184 4968 tastu
1210 4914 1343 4980 desinetis,
1369 4912 1416 4968 teti
1439 4930 1499 4983 quse
1514 4915 1628 4971 intentio
1647 4931 1694 4972 sua
1710 4926 1791 4977 esset

145 5003 255 5059 modum
266 5004 292 5059 in
303 5020 398 5060 eorum
409 5005 686 5078 synodalica-pissime
698 5016 835 5079 „temtus
849 5009 938 5065 inter·
989 5001 1125 5059 bumilites
1149 5003 1280 5071 pandens,
1296 5002 1368 5073 quod
1391 5005 1510 5072 scilieet,
1525 5004 1661 5076 despectis
1679 5008 1790 5065 eunetis

143 5104 361 5151 msesonteutu.
987 5095 1082 5167 patriae
1106 5094 1275 5151 laettltatibos
1299 5106 1380 5167 atque
1409 5098 1573 5168 bonoribus,
1601 5114 1650 5165 pro
1681 5098 1789 5159 Cbristi

145 5183 190 5240 ill.
205 5212 241 5228 ·-
253 5185 349 5242 Ariste
371 5204 439 5260 agre
462 5193 644 5256 consentiente,
659 5192 685 5246 iss
702 5187 817 5247 Frisioss
827 5193 935 5266 trajicit.
986 5204 1080 5247 autore
1094 5203 1196 5260 protgue
1206 5189 1319 5246 aliorum
1330 5190 1419 5247 salute
1433 5191 1597 5261 peregrinari
1611 5190 1703 5257 tutet,
1719 5205 1788 5249 eam

179 5274 234 5332 Sed
256 5277 407 5344 qula-snens
420 5279 490 5350 ejus,
504 5282 559 5338 ileo
568 5283 626 5354 iam
636 5283 739 5351 dedita,
753 5283 787 5341 ab
798 5285 872 5340 omni
885 5287 936 5339 bts·
988 5284 1106 5339 omnium
1126 5282 1260 5339 ebarittste
1272 5291 1301 5339 et
1321 5282 1428 5339 lieentia
1443 5282 1557 5341 iratrum
1571 5294 1633 5341 tnta
1652 5297 1701 5339 sua
1713 5283 1791 5343 obti-

143 5380 224 5423 mano
245 5366 339 5425 latore
360 5369 447 5426 iuerat
472 5383 651 5445 sequestrata,
676 5376 759 5445 ompit
776 5374 937 5433 omnimodo
988 5376 1055 5433 nuit.
1079 5375 1112 5433 Et
1135 5375 1280 5433 utelstiom
1296 5376 1364 5433 rotis
1380 5377 1468 5446 maior
1481 5376 1629 5433 auctoritas
1649 5375 1787 5445 etesiaca,

143 5465 261 5516 trattare
272 5459 388 5531 qualiter
402 5473 542 5534 parentent
555 5466 730 5537 amniumque
741 5482 855 5523 suoram
865 5482 936 5525 soa·
986 5469 1053 5525 adiit
1067 5469 1147 5525 etiam
1162 5467 1249 5537 ipsius
1270 5467 1322 5527 tuci
1347 5468 1505 5540 episcopum
1519 5470 1714 5535 amarandus,
1730 5484 1787 5529 tto·

143 5552 227 5605 sossts
256 5552 419 5626 relinquere,
447 5564 474 5613 et
487 5556 521 5612 ad
549 5556 637 5628 aliqua
663 5559 756 5628 prneut
778 5564 863 5631 posita
876 5563 935 5619 toea
986 5559 1061 5616 misse
1075 5559 1228 5627 basistess,
1255 5571 1350 5630 petam
1363 5569 1499 5630 quatenus
1512 5560 1571 5631 ojus
1594 5558 1788 5617 bencdictione

143 5652 193 5708 bru
218 5641 317 5705 auen
343 5649 452 5708 somine
479 5660 569 5721 passu
591 5651 792 5725 tausmlgsare.
814 5654 935 5728 cumque
987 5663 1015 5709 et
1033 5650 1419 5715 titteriseosamendatitiisad
1436 5653 1547 5715 ttomstn
1561 5652 1732 5727 prolecturus
1745 5653 1787 5709 utt
