3832 6114
107 329 163 388 88]

110 443 223 501 Sedibus
236 454 252 496 e
266 440 372 509 superis
385 440 492 496 soboles
508 454 604 511 nempe
617 444 794 499 arcitenentis

108 541 209 594 Curicta
223 535 292 589 meis
307 531 433 602 precibus
448 541 584 589 restaurat
597 536 667 589 secla
683 535 857 607 Redemptor,

108 627 218 685 Arbiter
231 626 367 681 aeurereue
380 624 472 679 condit
486 639 529 680 me
543 626 619 681 calce
631 637 767 683 carentem

109 720 137 775 lu
152 733 205 790 qnia
220 733 271 774 noc
284 726 371 772 metas
386 717 436 772 aeri
451 731 501 773 nec
516 725 638 786 tempora
652 720 749 775 clausit

108 816 255 884 Tempore,
270 811 318 868 sed
334 812 402 866 mire
414 811 473 866 sine
489 821 609 882 tempore
624 815 702 884 longe
716 813 827 869 crearit.

81 972 84 976 Δ
387 917 462 958 rroes
480 917 639 958 carnotina.

111 999 237 1056 Fecunda
251 1005 281 1052 et
295 995 373 1050 lortis
388 1007 504 1049 rernane
519 994 662 1048 virtutibus
676 993 749 1062 altis,

111 1092 198 1158 lpshu
213 1086 351 1143 altithroni
367 1085 472 1140 ductrix
487 1084 624 1139 etpumia
638 1083 730 1149 dicor;

111 1183 179 1238 litim
194 1177 294 1235 chmel
309 1176 409 1248 popolo
424 1190 472 1245 per
486 1175 615 1231 mondum
630 1175 693 1233 labe
707 1185 827 1247 reporto,

111 1275 145 1329 lit
159 1271 257 1327 rirtnte
270 1282 329 1324 mea
344 1269 465 1321 virentes
477 1265 581 1335 legibus
594 1266 679 1336 aperie

111 1366 255 1424 sacrantur
268 1363 376 1421 Christo
390 1368 417 1418 et
431 1361 576 1418 demuntur
590 1360 700 1416 crimina
717 1362 814 1430 prisca.

111 1456 218 1510 Clamor
232 1459 327 1508 cuncta
342 1451 389 1505 bei
404 1458 550 1506 cernentur
563 1451 661 1519 previa
675 1449 742 1522 legis

111 1545 270 1599 anemurum
286 1541 364 1599 terrie
378 1540 425 1595 eed
441 1539 504 1597 coeli
517 1540 613 1611 gaudia
627 1540 720 1609 plures

112 1635 278 1691 Transmltto
292 1635 411 1688 illustres
423 1632 529 1703 superis
544 1642 572 1688 et
585 1633 694 1688 sedibus
706 1641 795 1703 aptor.

113 1728 162 1782 liic
174 1728 232 1782 sirie
245 1740 289 1780 rne
302 1724 393 1780 nullos
406 1723 479 1780 Petri
492 1722 628 1779 consortia
641 1723 727 1778 mucii

111 1818 240 1874 Omnibus
252 1826 279 1873 et
292 1823 321 1871 ut
335 1815 410 1871 Pauli
423 1822 514 1886 captet
525 1815 572 1886 qui
586 1814 684 1870 luibae
696 1814 771 1871 orbis

112 1909 231 1966 Locidua
245 1917 372 1979 promunt
386 1907 470 1962 loscie
484 1920 542 1961 ntea
558 1904 659 1960 lnurina
675 1905 755 1961 seclis

111 2003 217 2066 incolit,
233 2015 247 2054 a
261 2016 304 2056 me
319 1998 408 2055 nullus
422 1998 508 2055 electa
523 1997 556 2052 ad
573 1997 680 2067 praeuia
696 1998 772 2067 regni

111 2091 283 2156 Conscendit,
298 2088 397 2145 Christi
414 2089 512 2143 misero
528 2102 577 2143 nec
591 2088 675 2158 gratia
692 2087 792 2159 lulgcla

112 2184 261 2240 esttamen
275 2182 341 2240 hettl
355 2182 453 2237 misere
466 2195 520 2236 non
531 2179 632 2236 scando
644 2180 671 2235 in
681 2194 762 2251 regna
776 2179 907 2250 polorum.

419 2285 482 2328 eres
501 2287 600 2328 serua.

112 2362 210 2420 Sancta
223 2377 314 2419 comes
326 2362 430 2418 inustos
442 2375 536 2418 omnes
548 2353 673 2417 comitata
686 2362 829 2431 perhortor

112 2455 271 2524 Perpetuam
286 2454 388 2509 meritis
403 2454 472 2509 coelo
485 2452 681 2522 comprendere
695 2452 788 2518 eitam,

113 2547 149 2600 Et
160 2546 220 2601 elne
232 2560 276 2601 me
288 2545 393 2600 scarrdit
406 2544 495 2600 nullus
510 2559 558 2615 per
570 2543 688 2599 culmina
703 2543 776 2609 coeli,

111 2636 166 2694 sed
179 2636 284 2692 tristem
296 2649 329 2691 ac
340 2634 465 2690 miseram
478 2644 538 2705 post
550 2634 624 2690 illinc
637 2632 705 2688 lacta
718 2641 861 2690 secernant
874 2650 882 2687 :

112 2728 259 2786 humanata
274 2726 354 2784 nimis
367 2729 391 2782 sl
406 2742 459 2784 non
474 2728 585 2782 mentita
601 2724 722 2789 inissem,

109 2817 202 2875 Aurea
217 2818 375 2888 promittens
387 2826 492 2874 starent
506 2827 537 2873 ut
551 2817 653 2873 ludicra
670 2817 763 2872 mnndi

110 2910 273 2981 Terrigenae
285 2911 385 2983 jugiter
399 2911 469 2968 duco
484 2912 516 2966 ad
530 2911 650 2967 coelestia
666 2925 760 2980 regua,

111 3000 220 3058 Viribus
235 3012 264 3057 ut
279 3002 339 3058 lrcti
355 3002 461 3058 tradam
474 3003 507 3057 ad
523 3016 636 3072 corpora
652 3014 746 3071 poenae

110 3093 238 3165 llegmina
253 3094 357 3150 renturi
371 3102 510 3163 captantes
523 3107 603 3148 aurea
617 3091 694 3148 secli.

398 3198 518 3240 tusrrrta
536 3197 621 3239 attur.

110 3277 207 3349 lgneus
220 3293 254 3335 en
269 3279 375 3351 genitor
389 3278 474 3335 iertor
487 3275 551 3331 mihi
565 3277 670 3345 Jupiter
682 3289 757 3342 esse;

110 3373 228 3430 honnus
241 3386 267 3430 et
279 3374 355 3445 virgo
368 3372 525 3428 stolidorum
539 3369 640 3426 lamine
651 3370 741 3436 dicor;

109 3465 162 3521 Sed
174 3467 260 3522 scelus
273 3467 308 3522 ob
320 3465 426 3522 varium
440 3473 528 3520 terras
541 3462 651 3534 liquisse
663 3460 793 3518 nelaudas
807 3479 814 3516 ι

109 3554 263 3623 Terrigenis
277 3569 339 3610 raro
353 3554 440 3610 laciee·
450 3567 510 3611 mee
525 3554 646 3611 cernitur
660 3565 784 3623 usquam.

109 3645 210 3719 inclyta
224 3648 356 3703 coelorum
372 3645 469 3702 luerim
483 3659 544 3701 com
559 3645 612 3699 illia
628 3643 710 3715 regie,

109 3734 220 3793 Talibus
233 3745 261 3791 ut
274 3735 380 3806 genitor
393 3735 537 3792 moderans
550 3749 611 3790 cum
624 3733 729 3806 legibue
744 3734 848 3806 orbern,

110 3830 140 3885 in
154 3828 258 3900 gremio
272 3829 392 3901 gaudens
405 3838 434 3885 et
449 3830 552 3901 lingens
568 3829 660 3886 oscula
675 3826 771 3899 patris,

109 3921 196 3976 lorea
210 3935 277 3991 gens
292 3920 429 3976 hominum
444 3934 553 3990 semper
566 3918 696 3990 gauderet
710 3918 738 3974 ln
752 3933 821 3984 aero,

110 4011 204 4067 llatarn
218 4013 240 4066 si
255 4027 377 4067 rtnrmam
391 4019 530 4068 serrarent
541 4011 654 4081 rirginle
666 4011 759 4068 alne.

109 4104 232 4159 lncuhnit
246 4103 362 4174 populis.
376 4112 468 4173 spreta
483 4119 536 4170 me,
553 4107 629 4160 turba
643 4103 788 4171 malorum,

109 4192 210 4248 Christi
227 4193 288 4248 dour
301 4194 402 4266 jugiter
415 4195 554 4251 calcarent
563 4193 638 4264 jussa
651 4199 779 4251 tenerulis

112 4285 215 4341 idcirco
230 4294 370 4354 penetrant
384 4286 462 4342 Erebi
475 4287 526 4343 sub
539 4286 626 4343 tristia
638 4287 713 4358 nigra

111 4375 221 4432 Tartara
236 4377 358 4435 Plutonis
372 4379 532 4451 plangentes
547 4379 624 4450 ignea
639 4378 720 4450 regis.

415 4482 528 4525 neutras
545 4483 603 4526 mr.

114 4560 225 4619 llincere
238 4578 283 4619 me
297 4564 363 4619 nolli
379 4572 492 4635 possunt
505 4564 552 4620 sed
569 4562 683 4632 perdere
697 4562 785 4619 multi.

111 4652 159 4708 Est
172 4663 260 4710 tamen
273 4665 300 4712 et
313 4659 410 4712 mlrum
424 4657 522 4714 Christi
536 4656 606 4727 guod
620 4655 730 4713 redibat
741 4665 812 4724 asto,

110 4746 234 4817 licguaus
247 4758 274 4806 et
285 4752 405 4822 gaudens
419 4753 525 4822 superis
537 4752 601 4808 cleri
614 4750 717 4808 civibus
728 4767 781 4808 uua

111 4838 214 4908 lncola;
227 4843 275 4897 sed
288 4857 413 4914 querens
426 4858 592 4914 germanam,
608 4857 670 4898 rora
685 4857 809 4912 peragro,

109 4931 206 4986 reme
221 4948 287 5001 ‹puae
300 4935 391 5005 plures
407 4933 499 4990 lanlur
513 4934 596 5000 linqui
611 4947 691 4989 eeues
705 4933 800 5001 aedae,

110 5022 233 5092 Amplius
246 5024 274 5078 in
289 5025 404 5094 sceptris
419 5024 510 5080 usundi
522 5024 579 5095 jam
594 5023 695 5096 degere
710 5024 782 5090 nolo,

109 5113 236 5168 Sanctam
251 5115 380 5173 merendo
395 5116 480 5172 tristis
495 5131 548 5171 non
563 5126 639 5173 nacta
651 5130 758 5182 sorore,

110 5204 243 5274 Antiquos
254 5215 329 5260 rates
341 5207 439 5263 cet-init
451 5206 522 5278 quod
535 5206 654 5262 carmine
666 5205 764 5276 David,

111 5295 139 5349 ln
155 5297 233 5352 terrie
248 5313 330 5354 tanos
345 5299 479 5365 homines,
494 5315 537 5356 mc
549 5299 653 5371 rirgiue
666 5298 784 5372 dempto,

109 5386 198 5444 'lrans
208 5389 254 5446 uhi
262 5404 371 5462 semper
379 5406 453 5448 eram
463 5391 578 5463 lugiens,
589 5407 660 5451 nuuc
669 5393 758 5451 sidera
767 5395 903 5452 scandam.

370 5501 558 5543 rttsentcorore
579 5502 635 5545 arr.

110 5569 231 5629 honour
244 5589 277 5629 eu
292 5574 407 5646 geminae
422 5579 503 5633 rariie
518 5585 546 5633 et
558 5579 625 5649 juro
638 5594 744 5636 sorores

108 5663 246 5720 instamus
263 5666 368 5723 Domini
383 5669 488 5724 cunctis
504 5669 530 5723 in
545 5669 659 5727 callibus
671 5686 734 5727 una.
837 5667 842 5679 '

110 5751 163 5811 Sul
178 5770 255 5814 soror
271 5759 297 5815 in
313 5760 437 5817 tenebras
454 5761 581 5818 mortales
597 5771 732 5832 mergeret
749 5769 834 5831 atras,

647 326 690 383 ΙΙΙ.
713 327 905 385 AENlGllhTh
926 324 971 381 br:
989 324 1210 383 vtltrll'lllttls.

921 442 946 501 Α
962 443 994 498 Ει
1008 456 1101 514 poenae
1115 440 1195 496 Erebi
1209 439 1324 495 lustrent
1338 454 1387 509 per
1401 439 1477 494 deria
1494 441 1574 507 bitis,

1696 325 1750 384 89⁰

960 535 1090 604 licgminn
1105 535 1128 588 si
1143 531 1207 588 secli
1219 531 1352 587 tenuisset
1363 532 1421 587 sola
1437 545 1485 600 per
1499 533 1605 587 orbem.

960 623 1032 680 lilius
1053 624 1182 680 adversas
1195 621 1266 679 riree
1282 622 1436 692 infrangere
1452 621 1535 690 nitor,
1605 664 1606 667 ,

959 716 1085 771 clamans
1094 725 1175 787 atque
1189 729 1288 771 «soror
1299 732 1309 768 ι
1320 714 1416 770 dicens
1433 715 1625 776 «charissima,
1639 728 1726 785 parre.
1738 733 1748 767 ι

958 808 981 862 0
999 822 1085 877 genus
1098 815 1139 862 est
1150 821 1276 877 superum
1290 804 1351 862 lellr
1365 821 1407 860 me
1421 805 1523 876 uirgine
1537 816 1632 872 nacta;

959 899 1089 972 Regmine
1102 916 1198 970 nempe
1217 916 1279 958 meo
1300 901 1420 972 perdono
1432 902 1534 972 piacola
1550 903 1647 969 terris;

960 991 1000 1046 llo
1012 992 1075 1047 ritae
1090 1002 1196 1061 tempus
1210 994 1328 1063 superis,
1344 991 1381 1048 do
1397 993 1485 1049 lumen
1502 993 1622 1066 Olympi,

959 1081 1098 1154 lugentem
1114 1083 1209 1139 mundi
1219 1083 1300 1140 variis
1311 1098 1372 1139 cnm
1388 1083 1500 1140 llorlbne
1511 1100 1615 1150 arrum,

960 1177 1047 1230 Aurea
1060 1188 1127 1247 gene
1141 1173 1280 1229 hominum
1295 1173 1408 1231 scandat
1420 1174 1491 1244 qnod
1506 1175 1624 1231 culmine
1640 1177 1713 1233 cmli.

960 1269 1009 1321 Ast
1019 1275 1108 1322 tamen
1122 1264 1261 1321 altithroni
1280 1280 1333 1321 unu
1345 1266 1430 1322 sacris
1445 1265 1546 1321 huibue
1561 1269 1669 1333 absum,

961 1355 1108 1427 impetrans
1121 1355 1229 1412 miserie
1247 1356 1353 1412 reniam
1369 1355 1526 1413 mortalibus
1547 1356 1610 1420 aeri,

965 1445 1109 1503 'scabendo
1122 1446 1219 1519 jugiter
1229 1444 1330 1503 Cltristi
1347 1462 1394 1518 per
1407 1447 1480 1504 secla
1494 1447 1627 1502 ministra.

1247 1555 1390 1595 uerterant
1409 1556 1465 1596 atr.

961 1631 1013 1688 Per
1024 1645 1068 1689 me
1080 1629 1230 1702 probantur
1243 1631 1301 1687 reri
1318 1631 1432 1701 lalsique
1446 1632 1598 1701 propheta,

961 1725 1050 1793 httpue
1066 1721 1131 1776 mali
1147 1721 1253 1791 expulsi
1268 1729 1424 1777 sanctorum
1439 1735 1455 1775 a
1471 1720 1556 1777 limite
1571 1721 1649 1790 longe

922 1793 947 1856 Β
960 1815 1093 1888 Tempora
1107 1829 1160 1870 non
1174 1816 1290 1884 perdunt
1302 1829 1351 1885 pro
1365 1828 1409 1871 me
1423 1812 1466 1883 pia
1481 1812 1548 1868 lacta
1565 1823 1684 1883 peracta,

961 1906 990 1962 lu
1005 1906 1143 1977 pmprium
1157 1907 1282 1963 meritum
1297 1919 1439 1978 pressuras
1453 1913 1529 1961 rerto
1548 1919 1683 1970 meorum,

962 1997 996 2054 Et
1010 1997 1105 2054 merito
1119 1997 1244 2070 exemplo
1258 2013 1369 2054 suornm
1384 1997 1442 2053 dira
1454 1996 1540 2067 piacla

961 2087 1072 2145 leibue
1085 2089 1192 2147 eximiis
1203 2091 1344 2146 committo
1358 2091 1385 2146 in
1402 2092 1511 2160 premia
1527 2099 1629 2144 sancta.

960 2182 1066 2239 Tetrica
1081 2184 1228 2240 multomm
1240 2199 1288 2255 per
1302 2197 1346 2239 rue
1354 2183 1535 2253 compescitur
1545 2183 1584 2236 ira

962 2273 1060 2343 lgneus
1074 2282 1155 2344 atque
1169 2273 1244 2330 luror
1258 2274 1323 2330 rirae
1338 2289 1398 2330 cum
1411 2273 1528 2330 terribus
1542 2272 1650 2327 ardens.

960 2365 1046 2420 hltrir
1063 2365 1191 2419 virtutum
1205 2373 1297 2421 custos
1308 2376 1336 2421 ct
1350 2376 1443 2420 sancta
1452 2364 1579 2419 vocabor.

963 2455 1029 2510 Arte
1044 2469 1104 2510 mea
1115 2455 1216 2525 jugiter
1229 2455 1399 2525 complentur
1408 2455 1487 2525 jussa
1501 2468 1628 2523 superna,

961 2546 988 2602 ln
1000 2547 1062 2601 coeli
1079 2560 1166 2603 cuneo
1179 2547 1282 2604 Christi
1296 2548 1359 2617 quia
1374 2547 1484 2603 sedibus
1500 2554 1570 2613 asto,

959 2639 1114 2714 Tranquilla
1128 2648 1260 2696 aeternum
1276 2652 1366 2708 regem
1378 2634 1530 2692 comitabor
1545 2636 1572 2689 in
1585 2648 1682 2691 enom.

1191 2744 1242 2784 rar
1262 2743 1334 2783 reae
1352 2742 1523 2784 creterram.

960 2823 1103 2881 Pacilicttm
1119 2819 1219 2891 passim
1234 2819 1312 2875 deret
1324 2818 1484 2875 mortalibus
1498 2833 1597 2884 erum,

961 2917 1104 2975 AElernum
1120 2913 1262 2984 imperium
1275 2925 1396 2983 regerem
1411 2909 1434 2967 ei
1449 2910 1507 2966 sola
1523 2925 1571 2980 per
1584 2912 1688 2966 orbem.

960 3005 1128 3064 Christicolis
1142 3005 1278 3074 qnondam
1294 3004 1424 3060 coelorum
1439 3005 1561 3059 carmine
1572 3004 1666 3070 missa,

920 3133 945 3197 c
962 3097 1032 3154 Vera
1046 3097 1093 3154 llei
1110 3096 1218 3153 soboles
1231 3107 1293 3151 ortu
1307 3095 1371 3151 dum
1387 3096 1460 3151 eccla
1472 3095 1571 3163 beavit,

961 3192 1001 3247 En
1013 3191 1163 3262 regnatoris
1176 3190 1310 3247 seclorum
1326 3189 1435 3244 numine
1448 3189 1538 3256 ditor;

960 3288 1053 3356 llegun
1065 3285 1136 3340 iuter
1149 3283 1250 3339 Christi
1265 3296 1374 3351 semper
1388 3281 1532 3337 vernacula
1544 3291 1647 3349 ternas,

960 3376 994 3430 Et
1010 3384 1098 3430 terrae
1111 3372 1246 3443 justorum
1263 3373 1386 3428 habitans
1400 3373 1493 3442 regina
1509 3372 1628 3427 vocabor

960 3464 1150 3535 celicoleque
1164 3471 1258 3519 tenent
1268 3461 1369 3535 jugiter
1384 3477 1428 3519 me
1443 3462 1470 3517 in
1485 3461 1602 3518 culmine
1615 3463 1687 3528 coeli,

959 3557 1090 3628 llegmina
1104 3569 1272 3626 qmcunque
1286 3553 1404 3618 illustro,
1418 3567 1478 3609 met
1493 3551 1588 3622 gaudia
1601 3562 1718 3622 gestarit.

960 3689 984 3705 ..
995 3649 1114 3706 ..ivibus
1127 3656 1156 3704 et
1168 3663 1228 3703 etun
1241 3647 1367 3717 precibus
1381 3649 1437 3717 lam
1451 3660 1532 3716 rogor
1546 3645 1654 3714 adesse,

958 3739 1075 3808 Spiritus
1090 3747 1117 3794 et
1128 3752 1227 3808 corpus
1239 3737 1262 3794 si
1276 3737 1369 3808 digner
1381 3736 1487 3793 serrier
1501 3735 1576 3807 ipsis,

959 3828 1065 3884 Tetrica
1078 3843 1228 3900 pugnarum
1248 3842 1302 3883 nou
1317 3835 1446 3897 torqueat
1459 3826 1530 3883 bellu
1545 3836 1681 3899 proterva.

959 3921 1075 3978 lnlamee
1089 3922 1163 3992 logio
1175 3919 1309 3976 discordia
1322 3932 1430 3990 semper
1442 3920 1552 3989 ubique,

959 4015 1068 4081 Arbiter
1077 4013 1205 4069 acherius
1217 4011 1300 4083 jussit
1309 4024 1353 4066 me
1360 4009 1405 4068 bic
1416 4024 1525 4082 sempor
1539 4012 1653 4075 habere,

958 4103 1069 4160 Nisibus
1082 4103 1212 4174 ittlrlngnr
1223 4115 1358 4159 sacrorum
1372 4111 1401 4159 et
1412 4111 1502 4158 metite
1517 4102 1646 4173 maligna,

930 4245 934 4252 .
958 4201 1047 4255 Aurea
1061 4199 1129 4255 mira
1144 4197 1211 4254 mihi
1225 4197 1273 4254 eed
1289 4206 1365 4267 porta
1378 4205 1421 4255 eet
1435 4196 1496 4255 aula
1510 4198 1644 4267 polorum.

959 4289 1033 4348 ileu!
1047 4291 1154 4347 miseris
1168 4290 1247 4361 longe
1260 4289 1321 4361 quis
1334 4304 1395 4346 eum
1412 4291 1573 4347 mortalibus
1586 4289 1676 4361 aegris,

959 4381 1009 4449 Qui
1021 4383 1048 4437 iu
1063 4381 1172 4454 proprio
1184 4390 1255 4439 tecto
1268 4397 1311 4439 me
1323 4381 1504 4453 dedignantur
1517 4383 1629 4450 habere,

921 4486 949 4547 ῃ
961 4475 1101 4533 Clauditur
1113 4476 1156 4532 hie
1171 4490 1301 4548 superum
1316 4476 1379 4533 coeli
1393 4476 1446 4532 sub
1459 4476 1569 4532 cardine
1583 4491 1703 4544 regumn.

957 4568 1127 4639 Quapropter
1140 4568 1230 4639 populi
1245 4567 1327 4624 talem
1340 4581 1393 4623 non
1405 4567 1526 4638 spernite
1540 4579 1680 4633 sponsam,

958 4661 1016 4730 Qua
1028 4662 1088 4719 sine
1103 4677 1156 4718 non
1172 4661 1233 4718 coeli
1250 4669 1408 4732 penetratur
1419 4657 1523 4729 uirgine
1539 4655 1679 4725 templum.

1112 4767 1260 4811 porreiras
1277 4763 1439 4807 cenrsrrana
1458 4761 1594 4802 rarsroe.

959 4846 1010 4904 ilic
1025 4846 1051 4902 in
1064 4855 1091 4902 te
1102 4858 1231 4902 numeros
1244 4857 1335 4899 sacrae
1348 4842 1394 4896 rie
1407 4840 1465 4895 sola
1481 4852 1601 4894 sorores.

960 4937 1086 4995 Vestibus
1098 4937 1125 4992 in
1136 4936 1235 5006 spretis
1249 4933 1339 5003 specie
1352 4932 1415 5002 qula
1429 4929 1531 5000 nigrior
1542 4940 1630 4992 cesto,

958 5027 1039 5085 Stulti
1054 5041 1098 5082 me
1108 5031 1237 5095 rpemum
1249 5022 1354 5077 cunctis
1367 5020 1514 5091 dispertior
1527 5034 1561 5076 en
1576 5036 1647 5076 sum.

958 5121 989 5178 ln
1000 5121 1082 5177 terrie
1094 5131 1227 5187 nusquam
1240 5114 1377 5170 similatur
1391 5114 1470 5169 rilior
1485 5115 1551 5180 ulla,

959 5213 1104 5271 Libertatis
1116 5224 1195 5278 opem
1212 5207 1344 5263 llominot
1357 5207 1404 5264 sed
1418 5206 1527 5264 dabitur
1540 5209 1623 5263 aetltra
1638 5225 1645 5274 ;

959 5306 1014 5361 lma
1030 5304 1089 5359 solo
1103 5310 1243 5372 querutum,
1259 5307 1361 5355 hatum
1377 5300 1413 5356 llo
1427 5301 1548 5369 proxima
1564 5301 1635 5357 coelo

959 5398 1058 5454 Terras
1073 5392 1181 5448 indulos
1191 5407 1236 5448 me
1248 5390 1373 5449 Christus
1384 5392 1516 5463 sanguiue
1528 5395 1625 5449 salrat.

960 5488 1049 5544 llrdua
1063 5487 1194 5543 coelorum
1207 5486 1372 5543 couecendet
1386 5487 1503 5554 culmina
1519 5487 1620 5552 trullas,

960 5581 988 5637 Si
1005 5595 1048 5635 mc
1062 5580 1131 5634 lorte
1143 5589 1218 5636 caret
1236 5580 1355 5650 propria,
1369 5593 1403 5634 ne
1416 5577 1486 5633 torte
1496 5591 1616 5642 sorores,

960 5675 1025 5729 Cum
1041 5671 1155 5728 [lontino
1165 5669 1273 5728 cbristo
1289 5687 1340 5726 oua
1355 5670 1391 5725 eit
1406 5669 1565 5727 charissime
1580 5685 1694 5742 sponsu:

960 5764 1093 5822 horicolu
1105 5773 1131 5822 el
1146 5778 1225 5837 reges
1235 5761 1319 5835 poteri
1335 5761 1508 5835 innuptaque
1520 5761 1629 5836 puella,
