3832 6114
201 264 252 333 sss
593 255 623 313 s.
644 253 819 312 tibustttt
838 250 981 311 obtulit!
1003 252 1093 311 otus
1113 256 1146 314 it.
1166 286 1202 299 -
1220 254 1445 319 inscitius.
1788 268 1840 327 tta

201 379 299 450 glareis
316 374 510 434 acerdotalent
528 372 677 428 stltanasio
694 371 842 426 contulisse
861 382 993 426 macren-
1007 371 1032 429 Δ
1046 368 1237 426 tremebundus
1259 379 1288 427 et
1306 370 1420 440 pallidus
1435 375 1558 445 etprrit;
1580 382 1644 432 tnnc
1658 378 1694 433 ad
1707 380 1839 449 palatinas

202 473 289 538 siant,
309 478 336 525 et
346 467 475 538 quosdam
489 466 698 521 catechumenos
714 473 742 520 et
761 470 945 531 competentes
959 461 995 516 ab
1043 456 1150 513 ducitur
1163 459 1241 514 Zetus
1254 502 1261 526 ,
1276 470 1304 516 et
1319 461 1466 530 imperialia
1476 464 1646 534 hippodromi
1657 470 1838 543 nestibulum,

202 562 298 618 eodent
311 560 426 633 mystico
437 557 605 625 baptismatis
614 555 705 612 cilicio
720 563 892 625 regeneratos
905 551 995 608 etati·
1044 557 1178 618 quatenus
1192 564 1253 605 curn
1268 564 1331 622 repe
1345 554 1453 610 lunesto
1467 557 1613 628 reciprocis
1627 562 1798 623 conilictibns
1812 577 1841 624 ct

203 655 279 719 tissc,
293 651 363 723 qnod
378 650 486 706 scenico
496 647 693 719 lttdnrumioco
707 657 812 718 pestem
822 644 939 701 decretis
950 657 996 715 sy·
1046 641 1274 698 alterttisricibtts
1286 643 1427 713 disputans
1440 646 1636 718 altercaretur;
1657 655 1704 709 sed
1720 667 1841 715 mentesa

202 743 344 800 nodslibos
357 742 431 798 serio
449 741 636 797 condimntum
651 748 703 795 est.
718 738 800 808 igitur
811 737 993 800 Athanasius,
1046 732 1102 788 beo
1127 732 1242 791 dicatam
1260 752 1310 794 nec
1330 738 1465 795 ntintrnnt
1490 741 1614 799 ieroritas
1636 745 1771 817 redi-etit,
1788 766 1842 808 nec

202 845 263 907 post
278 837 380 889 nititom
391 833 546 901 alexandri,
561 840 670 901 sumptu
684 832 810 888 iicclcdte
829 830 993 902 praesulatu,
1046 824 1289 885 biandimentorum
1305 832 1402 889 lenitas
1413 833 1560 904 demulcet,
1577 845 1605 892 ut
1620 852 1635 892 a
1649 839 1790 898 catitniicte
1804 843 1838 900 l-

200 935 316 995 qnantas
339 925 527 982 baereticorum
548 923 686 979 maslinas
704 931 833 991 expertus
852 923 908 989 sit,
928 928 996 991 quot
1044 915 1086 973 det
1105 921 1300 991 perpendiculo
1321 923 1355 978 ad
1375 932 1459 980 tortas
1479 926 1685 986 simulacrorum
1707 944 1841 991 camme

202 1017 383 1073 iramioientas
411 1016 643 1072 scitismaticornnt
675 1016 800 1084 stropbas
831 1012 992 1082 pertulerit,
1044 1011 1103 1068 aits
1117 1025 1281 1084 vergeretur,
1296 1030 1358 1071 mot
1372 1017 1521 1087 imperante
1536 1023 1671 1089 torano,
1688 1025 1840 1083 sdeslutn·

200 1110 409 1181 quasadrersut
429 1108 562 1163 insontem
585 1105 698 1162 subdola
719 1107 833 1160 iactione
849 1104 995 1159 concinna·
1044 1103 1115 1159 niam
1136 1108 1271 1169 pontilicis
1290 1118 1318 1163 st
1337 1108 1475 1166 infamiam
1489 1111 1576 1177 sieri,
1593 1113 1669 1170 boias
1688 1117 1714 1173 in
1728 1118 1838 1176 culioet

201 1199 285 1266 bant,
298 1199 420 1254 decimus
435 1198 631 1252 aeclesiasticae
647 1195 765 1250 bistoriae
776 1195 869 1250 libers
884 1192 995 1249 iluiilno
1044 1197 1189 1265 compedes
1200 1199 1226 1253 in
1239 1202 1361 1255 cruribus
1371 1212 1491 1260 nectunt.
1505 1205 1616 1274 insuper
1626 1210 1765 1278 exquisitis
1779 1226 1839 1281 pnt-

200 1290 360 1345 cltaratatus
374 1329 382 1354 ,
397 1287 565 1354 astipulatur.
582 1288 619 1343 ita
636 1302 768 1358 prorsus,
789 1296 818 1343 ut
834 1286 994 1343 Constantio
1046 1300 1139 1342 nsruut
1153 1291 1385 1358 macitinantentis,
1402 1297 1598 1352 sacratissimus
1613 1299 1725 1357 riretttis
1740 1303 1838 1360 inette

199 1384 330 1452 stipatio,
352 1381 397 1450 tpti
419 1380 536 1434 Orientis
558 1379 663 1448 imperii
685 1391 793 1449 sceptra
814 1378 991 1450 gubernabat,
1044 1387 1119 1437 artus
1139 1381 1239 1437 acriter
1256 1383 1425 1451 dilacerant,
1446 1400 1496 1441 nee
1515 1402 1568 1441 nnn
1582 1398 1610 1444 et
1624 1399 1678 1446 tres
1692 1407 1836 1462 permanes

199 1474 320 1530 avulsum
333 1474 474 1528 cadaueris
493 1473 621 1528 lacertum
635 1482 662 1528 et
682 1472 708 1527 in
729 1473 897 1544 sarcopbapn
915 1471 994 1527 dela·
1045 1473 1181 1542 puerulus,
1195 1490 1263 1544 quos
1279 1476 1392 1548 babylas
1404 1477 1457 1533 snb
1468 1478 1618 1548 disciplinae
1628 1483 1782 1553 pndapnpin
1794 1501 1839 1544 rs.

199 1575 255 1620 tunt
269 1565 451 1632 ostenderent,
463 1579 543 1635 quent
556 1564 591 1620 ab
605 1563 755 1619 Athanasio
767 1565 877 1633 magica
890 1561 995 1620 fraudis
1043 1565 1173 1633 solariter
1184 1567 1357 1623 instruendos
1368 1580 1517 1640 acceperat,
1534 1571 1567 1625 ad
1581 1575 1652 1641 regis
1663 1579 1841 1642 praesentiant

199 1655 382 1714 necromantia
401 1655 436 1712 de
455 1657 562 1712 Arsenii
577 1669 691 1725 corpore
709 1655 845 1711 sublatum
861 1654 994 1710 iallsciter
1044 1658 1124 1714 simul
1142 1660 1330 1726 introducunt,
1355 1678 1424 1732 nuos
1438 1664 1582 1732 imperator
1601 1667 1667 1722 mira
1687 1669 1748 1726 iidci
1770 1684 1839 1727 ron«

199 1750 359 1808 retulerunt.
370 1750 541 1818 Quapropter
555 1748 713 1818 imperator,
727 1747 889 1804 commentis
903 1745 989 1802 itare·
1004 1720 1029 1783 n
1042 1751 1143 1807 stantia
1156 1751 1295 1818 ntunitos,
1317 1766 1378 1809 cunt
1396 1754 1541 1811 neruoram
1559 1760 1724 1828 argumentis
1745 1760 1839 1817 ialiers

200 1847 313 1900 ticorum
328 1842 543 1899 lenocinantibus
558 1841 666 1899 illectus
679 1884 688 1908 ,
703 1849 730 1896 et
745 1838 884 1910 probrosis
899 1837 992 1894 lactio-
1042 1841 1175 1912 nequiret,
1192 1842 1311 1898 maeotis
1324 1845 1462 1901 terbertttn
1477 1847 1573 1903 lctibus
1587 1852 1717 1916 vapulare
1732 1864 1837 1919 prace-

200 1935 280 1992 nibus
294 1932 596 2004 det=eptos,incottciiio
609 1931 751 2001 presulem
766 1929 992 1986 inconsultecon·
1043 1933 1091 2003 pit.
1116 1932 1236 1992 Cernens
1256 1946 1345 1992 antem
1371 1938 1527 1995 iuriltttndus
1556 1942 1682 2013 princeps
1708 1944 1838 2002 insistant·

199 2027 319 2085 demttttri
335 2025 466 2097 praecipit.
480 2024 579 2080 ierom
595 2023 741 2087 lirsenins,
755 2023 800 2093 (pti
813 2020 949 2093 quondam
963 2019 991 2076 in
1043 2024 1214 2094 paruulorum
1226 2029 1426 2095 constantiam,
1448 2040 1638 2098 petcnnetatttr
1653 2038 1834 2096 renemndsnt

200 2122 304 2195 pulpito
316 2121 423 2176 lectoris
434 2118 524 2175 cilicio
534 2117 704 2191 iungebatur,
717 2132 825 2173 ornnem
835 2112 991 2174 concinnati
1042 2116 1186 2182 amantem
1196 2125 1284 2170 ntrsnt
1296 2116 1343 2173 liii
1354 2119 1396 2175 soi
1406 2125 1537 2176 veraciter
1550 2130 1652 2191 essent,
1665 2125 1711 2194 qui
1721 2138 1835 2196 respon-

198 2214 308 2270 sceleris
324 2226 432 2267 scenam
448 2209 585 2281 prodidit,
598 2219 626 2267 et
637 2225 744 2267 sacrum
756 2208 918 2266 daminema
935 2218 991 2264 tant
1041 2203 1114 2261 disse
1129 2206 1244 2276 iegitur:
1262 2207 1321 2263 l'iiii
1341 2209 1392 2264 mci
1406 2224 1469 2267 rere
1486 2222 1549 2266 sunt
1566 2215 1716 2271 ssctmdnnt
1731 2215 1831 2286 burn,

197 2304 337 2377 septimis
354 2301 517 2359 facinoribus
535 2303 682 2358 immunem
703 2316 764 2358 esse
782 2300 943 2357 declararit.
968 2298 992 2356 0
1041 2302 1385 2359 mulieremautemcoratn
1399 2303 1525 2360 ileomeo
1535 2309 1836 2383 noncopantierqna

196 2405 312 2464 costatus
324 2394 453 2465 quosdam
469 2393 569 2451 attritae
588 2390 684 2448 frontis
699 2392 785 2464 pallor
803 2392 839 2449 ob
854 2390 991 2447 detectum
1041 2401 1120 2448 nctus
1134 2406 1205 2450 sntn.
1219 2395 1287 2450 Tum
1301 2410 1412 2452 sanetus
1432 2397 1546 2469 babylas
1562 2398 1709 2456 decollandi
1719 2405 1836 2460 sortitus

195 2488 307 2544 sceleris
327 2494 431 2542 reatum
456 2485 648 2542 tremebundos
674 2485 773 2557 arguit,
797 2494 825 2541 et
848 2483 991 2540 ediverso
1041 2486 1213 2552 tentetttiant,
1229 2499 1290 2541 eota
1303 2486 1389 2542 tribus
1400 2487 1516 2543 siuntnis
1530 2490 1617 2560 eapite
1631 2498 1787 2560 bonulus,
1802 2504 1833 2551 st

197 2582 373 2653 quorumdam
401 2580 489 2635 tuitus
509 2593 657 2650 purpureus
676 2591 805 2647 penarum
825 2578 991 2635 ruborrelut
1041 2573 1131 2630 rubris
1145 2589 1272 2630 vetarunt
1288 2577 1381 2632 ritulis
1394 2588 1526 2634 sacratur.

195 2672 278 2727 stibio
292 2671 432 2742 depinxit,
447 2685 509 2726 coto
533 2669 560 2726 in
578 2670 693 2728 cnnciiio
710 2670 845 2726 talentcut
858 2668 989 2741 sospitent
1041 2680 1045 2707 ³
1076 2666 1198 2723 xxiiii.
1218 2669 1274 2726 Sed
1284 2680 1312 2725 ct
1325 2684 1417 2739 operm
1431 2671 1546 2740 pretium
1560 2685 1625 2727 reor
1637 2679 1666 2728 ut
1684 2673 1833 2732 celeberri-

195 2765 303 2841 iuuat,
329 2774 357 2821 et
371 2761 512 2836 sospitem]
532 2764 754 2835 specularentur,
774 2778 854 2834 quem
873 2761 990 2819 abscisis
1043 2774 1104 2815 utos
1123 2763 1253 2831 spiritalis
1273 2763 1376 2817 miiitiut
1390 2763 1549 2830 bellatores,
1563 2772 1591 2819 et
1608 2765 1727 2822 emerus
1745 2766 1835 2824 medi-

195 2870 338 2914 nerrnrutn
359 2855 473 2911 nstibtts
493 2870 616 2912 tnancum
638 2861 667 2911 et
685 2854 803 2911 debilem
818 2853 988 2912 latebantort
1039 2852 1109 2909 cina
1127 2854 1277 2910 arcilntros
1293 2856 1418 2911 Cosmum
1440 2866 1467 2912 et
1486 2855 1645 2912 brutianum
1665 2872 1835 2932 nequaquam

196 2948 296 3005 Verum
316 2945 501 3019 hujuscemodi
520 2957 613 3004 sancta
626 2946 737 3002 victoria
749 2946 897 3013 mulctati,
913 2942 989 3001 allud
1039 2944 1073 3001 ab
1098 2944 1225 3003 bistnrica
1251 2949 1384 3019 rtrpnurn
1409 2950 1539 3005 relations
1559 2950 1736 3019 dirimentes,
1759 2952 1834 3010 reiut

194 3041 342 3113 argumenti
355 3054 440 3110 penos
453 3038 597 3095 molientes
610 3040 862 3108 comminiscuntur,
879 3045 909 3094 at
921 3052 984 3110 pro·
1039 3036 1163 3111 indignos
1185 3050 1345 3101 caeterorum
1366 3042 1505 3096 consortio
1524 3051 1743 3111 senus-tremus,
1763 3059 1836 3111 cuns

193 3139 276 3188 strata
290 3129 387 3205 [dodi.
400 3171 408 3196 ,
423 3128 587 3204 prostituta]
601 3130 691 3200 pellex
705 3129 791 3185 rirnnt
804 3129 985 3186 castissimum
1040 3129 1066 3184 in
1082 3142 1200 3198 superno
1219 3129 1414 3202 iiicrosolptnte
1429 3131 1592 3200 municipatu
1608 3131 1831 3201 predestinatos,

193 3224 332 3298 prostibuli
345 3234 450 3291 stupro,
464 3240 517 3294 uuo
530 3225 637 3294 penitus
651 3237 666 3277 a
678 3222 817 3293 pubertate
827 3220 986 3289 incorrupto
1038 3228 1064 3276 st
1079 3221 1197 3276 albulis
1210 3220 1369 3276 litteratura
1383 3222 1445 3275 albo
1459 3220 1608 3289 descriptos
1622 3236 1683 3278 curn
1698 3223 1835 3292 predictis

194 3330 311 3388 corpore
325 3314 423 3382 caruit,
438 3315 597 3372 insimulare
611 3312 761 3384 procaciter
774 3312 986 3380 machinaretun
1037 3313 1310 3382 commanipularibus
1324 3312 1493 3369 letabundus
1512 3312 1569 3369 lare
1591 3314 1749 3370 toaclalucr
1764 3329 1833 3372 con·

77 3398 80 3404 ’
192 3422 253 3483 qne
264 3425 325 3466 cum
338 3410 492 3464 uniuersum
505 3409 579 3464 ialsas
590 3406 757 3479 garrulitatis
769 3405 901 3462 incestum
912 3404 987 3461 solut
1030 3393 1155 3460 didimus.
1179 3401 1358 3473 Temporibus
1382 3418 1498 3476 natoque
1521 3404 1678 3461 Diocletiani
1697 3412 1726 3460 ct
1746 3405 1833 3463 ilasi

192 3499 302 3559 letitiam
319 3500 503 3558 melancholia
516 3514 642 3556 nauseam
653 3498 688 3556 de
701 3497 853 3556 recessibus
866 3498 925 3554 lalsi
940 3511 989 3569 pe·
1038 3495 1134 3562 miani,
1147 3495 1298 3569 olympiade
1319 3496 1505 3555 ducentesima
1519 3498 1685 3566 serapesima
1700 3500 1831 3569 septima,

193 3593 276 3651 emrtt
288 3591 470 3658 evomuisset,
489 3590 579 3648 statim
597 3604 645 3660 pet
658 3588 830 3646 Timotltennt
845 3590 991 3662 preabpts·
1038 3602 1099 3644 cunt
1112 3588 1207 3642 edictis
1220 3588 1376 3644 crudelibus
1388 3588 1531 3644 catitolicas
1543 3587 1605 3643 littei
1618 3588 1749 3653 cultores,
1762 3602 1834 3661 usos

194 3701 275 3753 rum,
296 3698 374 3756 quem
392 3681 514 3740 celandis
528 3681 650 3738 ulnarum
662 3679 771 3753 penis
784 3694 882 3749 procat
901 3678 987 3759 nbun·
1037 3680 1212 3738 cbristicotat
1230 3692 1257 3736 et
1272 3681 1420 3736 crucicolas
1442 3680 1644 3750 nuncupabant,
1668 3680 1702 3736 ad
1724 3679 1831 3737 tbarid·

192 3777 271 3832 rabat
281 3777 445 3849 apologetica
458 3775 602 3832 verborum
616 3776 737 3839 ueritate,
753 3786 784 3828 ac
797 3773 819 3829 si
835 3772 887 3828 lisa
899 3772 985 3842 peita-
1037 3773 1152 3830 aridum
1177 3773 1338 3828 statttncuits
1357 3771 1527 3827 etitnicnrtttn
1545 3779 1714 3841 superemur,
1735 3771 1832 3828 noien-

192 3882 253 3926 rutn
268 3868 421 3928 testudine.
437 3866 599 3922 detenditur.
617 3865 806 3921 Verumtamen
830 3865 987 3921 aemniorutn
1040 3873 1081 3921 tes
1099 3873 1190 3920 autem
1211 3872 1382 3932 apostatare,
1399 3860 1424 3917 id
1440 3869 1501 3928 est,
1518 3862 1551 3916 ad
1565 3863 1708 3932 apostasiae
1727 3862 1831 3919 rotata·

191 3959 307 4015 resanius
320 3957 437 4023 octiens,
457 3955 503 4026 nui
517 3965 612 4011 contra
626 3955 711 4010 uirum
726 3956 771 4010 ilci
786 3958 907 4013 aelatttes
921 3972 987 4013 ran-
1037 3960 1118 4012 brom
1131 3955 1245 4024 reuerti,
1261 3953 1404 4024 capitalem
1423 3952 1555 4022 compulsi
1573 3964 1636 4009 sont
1654 3952 1745 4010 saldra
1761 3968 1830 4010 sen·

191 4052 251 4107 cida
272 4048 364 4106 litoris
388 4047 487 4102 ittridia
511 4043 724 4116 torquebantur,
754 4043 881 4114 prologus
906 4045 986 4117 longe
1037 4051 1157 4113 tentiam,
1170 4062 1220 4116 qua
1235 4054 1396 4126 tempestate
1409 4044 1555 4115 pradictus
1563 4044 1667 4100 Citristl
1680 4043 1832 4101 sinuentur

192 4144 381 4217 proiicisoens,
391 4139 519 4205 etsuiat,
533 4138 601 4193 adeo
616 4146 644 4192 nt
657 4148 705 4193 tes
715 4148 849 4193 annorum
866 4139 985 4194 interca·
1037 4139 1161 4209 religiosa
1173 4138 1290 4209 pettitrix
1302 4137 1433 4207 gemellos
1447 4138 1525 4191 enisa
1537 4141 1593 4204 est,
1605 4136 1652 4207 sui
1665 4135 1830 4205 mettun

190 4236 290 4307 pedire
310 4235 336 4289 itt
359 4230 433 4287 arida
455 4232 579 4287 cisterna
594 4229 694 4285 latebra
709 4228 869 4286 delitescens
886 4242 986 4302 nequa·
1036 4230 1067 4286 io
1088 4228 1238 4299 pubertatis
1257 4225 1403 4298 primordio
1417 4225 1602 4282 instrttstentls
1624 4226 1830 4282 adstantibus

190 4338 269 4396 quarn
280 4323 391 4392 limpido
405 4322 472 4378 solis
481 4319 557 4376 radio
567 4318 768 4388 potiretur,sed
781 4334 858 4376 meus
870 4318 985 4377 bende-
1036 4323 1150 4387 bttbttti,
1166 4329 1222 4376 toto
1243 4317 1410 4375 valetudines
1430 4318 1656 4389 tryumpieoruts,
1673 4325 1704 4371 et
1723 4320 1830 4372 tneisn·

189 4416 245 4473 dita
260 4426 321 4472 cote
341 4412 454 4480 durior,
474 4413 546 4469 ierro
566 4412 676 4480 iortior,
692 4413 833 4469 adamante
850 4412 983 4484 ripid'or,
1036 4411 1139 4470 eboiias
1152 4412 1304 4476 uiscerum,
1324 4423 1406 4480 quam
1427 4408 1661 4465 incommoditates
1676 4408 1829 4463 aninarnnt

188 4525 284 4568 nntncs
302 4508 481 4568 calamitatum
503 4509 715 4574 insectationes,
734 4519 801 4575 quas
817 4505 983 4564 clandestlna
1036 4516 1085 4576 per
1106 4503 1223 4560 cmleste
1246 4504 1412 4571 cataplasma
1436 4502 1580 4554 consinsit.
1605 4497 1698 4553 itsttn
1722 4496 1831 4553 mitres

189 4604 330 4662 lisldorum
355 4603 518 4674 conspiratio
545 4602 680 4658 bostiiiter
710 4600 864 4673 irrogabat,
890 4596 982 4656 iniisti
1035 4598 1131 4662 cacis,
1156 4605 1184 4651 et
1213 4595 1346 4664 tnaispnta
1373 4589 1602 4661 tttnnnptttbaltoit
1628 4588 1829 4661 inpertiettds,

188 4696 439 4757 cortlscnntttutia
453 4695 638 4767 equanimiter
652 4692 816 4767 petierebat.
1034 4690 1117 4746 ntotis
1144 4687 1335 4744 taciturnitatis
1361 4687 1466 4740 saltata
1492 4681 1659 4748 reserando,
1683 4680 1829 4737 ardorum

223 4790 345 4850 xttttt.
362 4784 433 4859 pald
446 4790 552 4846 beatum
568 4786 695 4858 babylam
706 4786 819 4857 loquar,
833 4786 879 4858 otti
889 4782 980 4840 dorni·
1032 4782 1143 4839 auribus
1170 4780 1325 4836 irarntonias
1350 4790 1441 4833 rerum
1467 4775 1662 4838 mstsursndn,
1689 4770 1776 4827 balbis
1800 4781 1836 4827 et·

187 4888 240 4946 ttici
257 4880 345 4961 gregis
359 4886 490 4944 excubias
509 4894 537 4943 et
555 4882 681 4940 mandras
703 4878 831 4939 Ecclesia
851 4879 980 4936 adsersus
1032 4874 1124 4933 blaesis
1145 4873 1335 4930 rectitudinem
1356 4870 1470 4938 lotpusie
1490 4868 1645 4940 largiendo,
1660 4864 1775 4923 clastlos
1798 4873 1829 4921 st

187 4982 367 5037 poculentum
383 4990 557 5055 tyrnnttcrum
579 4977 680 5034 rabiem
698 5019 705 5042 ,
721 4975 795 5032 reiut
808 4984 900 5030 contra
916 4972 981 5029 tert·
1034 4984 1145 5027 maneus
1164 4967 1342 5023 ittcttlumitsti
1362 4965 1482 5034 pristine
1501 4959 1692 5021 restituendo,
1711 4968 1829 5027 ωσι-ιι-

188 5086 250 5128 nam
262 5071 383 5142 luportnn
396 5071 574 5136 lenocitatetn,
591 5085 644 5126 nnn
659 5083 736 5125 more
750 5067 919 5137 mercenarii,
932 5064 983 5122 sed
1033 5072 1128 5116 menos
1142 5068 1170 5112 et
1183 5057 1375 5113 scotomaticos
1389 5052 1547 5108 nteritorust
1564 5049 1652 5120 pratia
1671 5045 1828 5102 relocillan-

187 5163 296 5220 soiertia
312 5160 439 5231 pastoraii
451 5163 583 5231 tuebatur,
599 5176 660 5217 curn
675 5169 749 5217 esset
760 5158 860 5215 summi
873 5156 980 5227 pontill-
1033 5151 1086 5216 dot
1102 5150 1175 5218 imi
1189 5148 1270 5202 illim
1284 5144 1521 5200 ‘mmmmm
1535 5153 1681 5210 “illim⁶⁰⁸
1693 5137 1727 5193 ⁸¹¹
1745 5148 1829 5205 11Ρο-

186 5265 263 5314 catut
276 5253 360 5312 iniuia
374 5250 508 5322 pratitas.
525 5252 717 5311 Numerianum
733 5255 881 5324 Augustum
898 5250 982 5306 inter·
1033 5256 1081 5301 ros
1098 5240 1262 5298 morando.
1277 5239 1469 5294 Verumtamen
1490 5232 1675 5304 hujuscemodi
1694 5231 1826 5287 virtutum

188 5348 319 5406 iustorum
330 5358 426 5399 cruore
436 5342 668 5413 contaminatum,
684 5360 737 5401 nou
752 5343 874 5415 permisit
884 5342 980 5400 basili-
1033 5330 1215 5394 nmidesntta
1234 5331 1356 5404 prediti,
1375 5346 1428 5386 nan
1449 5326 1623 5398 plsiiarppriae
1640 5324 1825 5388 mantonis,

188 5454 229 5499 ee
239 5435 385 5497 sacrarium
410 5432 535 5490 intrando
554 5433 664 5505 pollutis
681 5435 795 5506 pedibus
817 5434 979 5507 prolanare,
1032 5431 1083 5487 sed
1094 5429 1206 5500 prutmtt
1220 5423 1381 5484 liberalitate
1393 5433 1512 5507 optarunt
1526 5419 1725 5493 asprotsatibss
1737 5413 1828 5487 sospi-

189 5534 237 5591 sed
248 5533 386 5590 acerrima
399 5524 579 5599 castigationis
588 5537 713 5592 censura,
730 5525 842 5583 asacris
853 5524 981 5583 desistis
1033 5532 1116 5580 tutent
1128 5522 1300 5578 contulerunt
1313 5517 1469 5590 matruelico
1480 5513 1678 5573 concordantes
1690 5510 1803 5566 unctio
1818 5526 1827 5564 :

199 5624 337 5681 iitniniltus
356 5622 453 5679 baetti
477 5619 547 5693 repis
567 5616 706 5675 introitum
729 5618 857 5684 arcebat,
881 5632 983 5686 mua
1033 5613 1123 5670 Gratis
1142 5612 1296 5682 accepistis,
1318 5611 1399 5683 prurit
1419 5613 1488 5664 ssu.
1508 5609 1612 5663 interea
1633 5601 1829 5674 pradcto'rum

189 5729 268 5790 quant
282 5714 379 5774 damna
394 5730 483 5774 mata
503 5711 652 5771 inrutilans
670 5710 713 5770 tel
732 5708 794 5766 rita
809 5708 993 5784 dispendium,
1035 5714 1193 5779 committe
1207 5715 1430 5775 persecutorum,
1446 5712 1507 5759 anu
1521 5700 1607 5755 sattcti
1627 5704 1782 5767 mrtyres,
1797 5699 1830 5749 st
