3832 6114
138 249 191 304 tia
475 249 504 305 S.
527 249 697 309 BONleCii
715 251 905 309 ttttcttutrut
925 242 1186 308 utt'tlttttii'tsdottl
1202 250 1278 307 ΟΡΡ.
1298 254 1386 310 PARS
1404 254 1448 309 til.
1721 254 1775 315 tii

137 377 228 433 taurus,
248 363 345 421 salibus
363 361 506 435 glor'iilearl
526 362 646 421 miridcis
665 364 768 420 mundo
787 380 867 421 oraru
881 375 925 420 est
939 365 964 424 tt
978 365 1067 420 biiiter
1082 364 1309 434 coratemplatiouc
1323 365 1415 420 loturae
1432 364 1494 420 vitae
1504 378 1661 435 suspensus,
1674 382 1774 437 super-

137 458 271 526 iusigulis.
284 456 384 512 Sancto
397 470 462 527 crgo
475 455 519 512 die
535 455 719 523 Pentecosten
732 472 785 529 utro
799 455 928 527 praelatus
981 471 1014 510 ua
1030 457 1209 524 praeveniente
1221 457 1316 527 gratia.
1341 465 1368 511 et
1383 458 1497 525 benigna
1511 456 1569 527 cius
1590 459 1777 530 subsequente

135 549 189 603 dua
204 548 449 618 'licaguiunscom
464 545 741 616 reueraudopnero‚
758 547 930 616 optimatum·
981 545 1125 613 volontate,
1150 549 1233 603 totius
1256 546 1427 617 perfectiouis
1450 548 1605 603 clesudaudo
1631 552 1778 620 appetebat

136 654 189 709 que
202 654 312 698 sumum
326 639 506 695 circumfusus
521 638 651 694 comitatu
665 680 673 708 ,
687 639 721 693 ad
736 639 928 694 monasterium
981 639 1104 695 columen
1120 640 1268 709 possidere.

138 736 367 792 beneditionem
386 733 421 789 ad
442 733 573 788 ltouorcm
592 740 694 788 sauctae
713 732 803 787 ilarius
818 731 930 804 virginis
1017 730 1211 788 Eciasiasticm
1234 748 1297 788 vero
1321 748 1440 789 normam
1468 732 1617 802 discipliuae
1639 735 1672 790 ad
1693 736 1777 792 vttaur

137 828 183 883 bei
206 825 359 899 genitricis,
381 825 479 881 diviuis
502 823 575 880 reilci
601 823 725 881 laudibus
746 824 877 893 cupiens,
898 837 930 878 ac
981 834 1057 876 snam
1072 824 1314 892 coartemplabiliter
1328 823 1531 887 moderandam,
1554 824 1672 879 orcliiuru
1686 827 1778 897 elege-

137 915 235 976 tuirulri
256 917 454 983 sacramentis,
478 914 652 986 procederet,
674 929 741 970 ecce
761 913 856 970 incolae
877 911 928 967 loci
981 922 1025 969 rat
1047 913 1115 983 apud
1142 912 1248 968 beatum
1274 911 1422 983 Beniguum
1450 915 1635 986 presbyterum
1659 914 1779 973 Scotieal

137 1011 208 1070 illius
224 1020 357 1067 attraxere
370 1010 439 1065 dnos
455 1005 577 1062 homiues
592 1006 696 1062 eatenis
711 1004 805 1062 lerreia
822 1005 931 1077 colliga·
981 1006 1166 1077 generositatis
1180 1008 1227 1062 alti
1240 1009 1377 1077 sauguinis
1391 1009 1488 1074 virum,
1500 1008 1547 1064 sed
1564 1007 1653 1064 altiori
1668 1018 1779 1065 sauma

137 1111 198 1170 los,
213 1117 280 1175 qvtos
295 1098 484 1156 miserabiliter
503 1096 706 1153 dementaverat
726 1108 840 1164 serpeus
859 1094 931 1149 auti·
982 1114 1040 1154 rum
1062 1087 1191 1173 virtutum
1207 1098 1400 1154 clarillcatiouo
1413 1099 1552 1167 populeium,
1567 1114 1582 1154 p
1596 1114 1650 1167 quo
1661 1084 1779 1171 remim

138 1206 222 1263 nutas,
239 1200 266 1247 et
281 1191 398 1246 lvumauo
413 1187 549 1245 consortio
565 1185 750 1243 irustraverat.
981 1190 1115 1259 spirituaii
1139 1190 1306 1245 districtione
1331 1205 1393 1246 cum
1409 1192 1513 1245 rlcrotas
1528 1191 1626 1247 mentia
1646 1191 1779 1249 tenerita-

175 1283 293 1350 Quomm
306 1282 387 1338 etiam
400 1294 470 1334 uuus
483 1279 570 1334 virum
583 1288 612 1334 et
625 1278 693 1332 duaa
708 1276 834 1332 mulieres
849 1276 931 1331 iuter·
983 1280 1045 1335 diue
1069 1288 1197 1349 appetens
1222 1281 1395 1346 coulormari‚
1410 1288 1438 1336 et
1452 1280 1588 1335 liaridicis
1613 1282 1778 1351 psalmorum

139 1375 215 1442 emit,
240 1376 309 1430 alter
331 1386 438 1443 utreque
458 1385 572 1427 uxorem
587 1369 673 1440 ipsius
687 1377 716 1424 ct
729 1368 797 1424 duos
818 1365 889 1422 illos
904 1365 931 1419 iu
983 1369 1119 1436 melodiis,
1132 1378 1161 1424 et
1175 1379 1330 1425 serratorum
1354 1370 1558 1441 Euangeliorum
1585 1372 1726 1430 meliibuit
1740 1374 1779 1429 le·

138 1484 185 1524 sua
200 1467 402 1524 dementatione
419 1467 444 1519 iu
460 1471 573 1519 mortem
589 1460 743 1532 prostravit.
760 1461 836 1529 Quos
851 1474 933 1516 vene
983 1460 1128 1531 arionitas,
1158 1470 1238 1531 atquc
1268 1462 1375 1517 cacteris
1402 1463 1502 1518 divinis
1528 1465 1778 1531 exercitationibus.

139 1561 232 1617 rabilis
254 1574 323 1631 puer
343 1558 593 1617 laiviuoscerucun
616 1554 654 1608 ait
675 1552 790 1621 genitori
814 1564 881 1615 suo,
904 1558 932 1605 et
983 1549 1176 1620 perlectissimc
1188 1551 1294 1618 insumi,
1312 1563 1405 1622 utpote
1418 1552 1529 1624 superui
1543 1564 1687 1625 respectos
1701 1570 1778 1625 prate

139 1653 277 1710 comitatui
300 1649 381 1720 eius:
406 1648 463 1704 ilua
488 1660 607 1710 mecum,
623 1642 794 1711 clarissimi,
821 1655 929 1713 quaro,
983 1642 1059 1698 sione
1072 1641 1196 1711 relectus,
1216 1642 1291 1713 quasi
1309 1644 1335 1697 iu
1350 1642 1471 1712 specioso
1485 1644 1657 1714 paradisiacae
1669 1648 1777 1701 anamul-

138 1741 330 1813 omnipoteutis
354 1738 403 1796 liei
430 1736 602 1793 clevrreutiam
631 1734 771 1806 flagitate,
799 1716 1045 1804 quatenuthatia
1072 1749 1167 1804 cantum
1194 1736 1289 1804 pedem
1317 1735 1371 1804 jam
1409 1737 1578 1807 transigens,
1604 1751 1652 1806 per
1683 1737 1778 1809 gradus

139 1835 236 1890 vestris
249 1830 427 1895 orationibus,
444 1843 492 1895 pro
507 1825 586 1897 iratius
601 1825 700 1895 negotii
721 1825 861 1896 paralitate.
877 1825 932 1897 glo·
982 1827 1108 1882 uirtutum
1134 1826 1227 1883 dictim
1264 1828 1451 1885 cllicacissime
1486 1832 1672 1886 exterminatis
1699 1833 1779 1896 vitiis,

138 1927 186 1981 riae
210 1939 265 1979 suae
287 1932 426 1990 respectus
449 1920 561 1986 aperiat.
586 1917 620 1972 lit
639 1917 766 1987 expausis
788 1916 931 1983 manibus,
980 1920 1107 1977 transiret
1123 1920 1149 1975 iu
1164 1920 1287 1991 gloriam.
1312 1921 1394 1992 Catius
1408 1923 1487 1978 ctiam
1500 1923 1607 1978 stulutilis
1628 1924 1779 1995 intelligen-

141 2016 293 2086 pariteruue
309 2011 436 2081 subjectis
449 2008 476 2065 in
493 2009 592 2064 coelotu
614 2008 779 2073 luminibus,
794 2006 882 2062 oravit
894 2006 932 2062 di·
983 2010 1037 2074 tie,
1051 2009 1156 2079 virique
1172 2011 1272 2081 ingenii
1288 2011 1459 2068 allicientium
1482 2012 1541 2083 puls
1557 2015 1709 2084 expandat?
1723 2018 1780 2091 Spi-

137 2106 307 2162 ceustlieus
329 2104 407 2158 l‘ater
427 2112 546 2166 arteriae,
570 2099 723 2168 praesidium
747 2099 794 2153 tibi
815 2096 933 2154 iideliter
983 2098 1050 2153 ritus
1082 2099 1167 2153 sancti
1195 2100 1282 2169 gratia
1316 2102 1487 2172 cooperante,
1517 2103 1596 2159 nullis
1630 2104 1779 2164 diuinorum

140 2194 930 2273 supplicantium,exorabilismlserator‚tuiaadestoia·
984 2190 1143 2247 lectionibus
1180 2192 1341 2259 allodiorum,
1382 2196 1460 2249 nullis
1496 2195 1626 2252 bououtm
1663 2199 1781 2255 moribus

140 2298 238 2364 aurulis,
262 2303 291 2351 el
312 2296 356 2363 pio
371 2301 482 2363 pectore
498 2291 596 2345 uostris
611 2304 699 2344 auuvru
713 2288 799 2344 votis.
815 2295 842 2343 et
855 2286 944 2359 cillo-g
982 2282 1165 2354 exeruplornm
1183 2282 1269 2353 aliena
1284 2284 1429 2342 diillcultas
1449 2287 1682 2358 percipiendamm
1697 2304 1779 2346 rurum

138 2395 195 2444 reat
221 2395 274 2442 tatae
299 2380 497 2442 benedictionis
519 2374 607 2451 'gratia
633 2394 715 2449 snper
741 2379 869 2434 lubricam
894 2378 931 2434 ttti
984 2388 1039 2429 suae
1051 2374 1192 2445 capacitati
1208 2374 1355 2444 impedivit.
1370 2376 1407 2431 lle
1423 2377 1519 2432 talibus
1531 2391 1729 2434 commemorat
1741 2381 1780 2437 ille

139 2477 238 2548 proprii
263 2475 399 2548 plasmatis
421 2481 474 2529 tam
488 2471 555 2527 dium
576 2468 768 2526 imbecillitatis
788 2469 933 2541 gravedine
983 2464 1106 2535 egreglus
1120 2463 1289 2535 practicatur,
1312 2465 1356 2535 qui
1370 2464 1459 2521 dicit:
1484 2466 1567 2521 lilullu
1581 2468 1617 2521 od
1633 2469 1780 2523 discendant

138 2570 355 2640 conprimentem,
372 2575 400 2620 ut
414 2563 575 2620 clarilicctor
589 2575 689 2618 norueu
703 2571 778 2616 tunm
797 2563 825 2615 iu
840 2575 871 2615 ea
883 2602 891 2627 ,
905 2568 933 2617 ct
984 2569 1055 2609 ttlvra
1077 2564 1124 2622 etl.
1140 2554 1185 2608 tabi
1199 2552 1313 2624 Spiri‘or
1335 2567 1438 2611 roudus
1464 2559 1552 2612 doctor
1570 2558 1656 2613 oderi.
1674 2558 1780 2616 linurin

139 2672 221 2716 tame
237 2670 290 2713 turs
304 2655 454 2713 elementia
476 2652 552 2707 lavor
565 2652 714 2708 rouunetur
729 2650 755 2706 iu
772 2649 881 2707 sucula.
898 2650 933 2706 tlt
985 2647 1027 2702 iris
1041 2646 1096 2703 beo
1119 2646 1233 2703 dilectos
1259 2649 1416 2705 adolescens
1443 2650 1552 2706 lirinus
1576 2650 1779 2722 diligentissiua

140 2767 202 2806 ιιιοι
228 2747 354 2806 omuibus
379 2745 613 2801 conclamantibus
638 2745 743 2811 imeri,
770 2742 933 2800 venerabilis
985 2737 1210 2804 doreretstudiis‚
1234 2740 1346 2810 coratigit
1370 2741 1524 2812 magistrum
1539 2726 1617 2797 sarrit
1634 2742 1779 2816 Βειιίςιιιει

140 2857 215 2913 puer,
227 2841 330 2896 scilicet
344 2837 464 2903 bivinus,
478 2851 601 2908 supernae
615 2835 726 2908 pietatis
739 2834 861 2906 aiguiier,
873 2848 936 2903 pro·
984 2829 1074 2901 dignae
1096 2832 1234 2888 memorie
1259 2834 1344 2888 riuum
1362 2834 1411 2889 bac
1435 2836 1488 2889 vito
1510 2835 1587 2901 solvi,
1614 2844 1642 2891 et
1665 2852 1779 2907 anpenn

139 2932 221 2988 cessit
248 2928 421 3001 impavidus,
450 2928 591 2998 imponens
619 2940 714 2983 mattos
739 2940 821 2997 snper
846 2926 934 2996 capita
986 2926 1145 2994 promereri,
1162 2925 1238 2996 cujus
1252 2928 1352 3011 eaitmu
1366 2927 1514 2999 discipulus
1529 2929 1623 3001 vigiliis
1638 2938 1664 2984 et
1680 2930 1780 2985 oratio

140 3024 299 3087 amborum,
313 3019 382 3076 diuit
396 3036 404 3077 a
420 3018 448 3074 iu
464 3018 572 3075 numine
586 3019 672 3075 Patria
691 3028 719 3075 et
741 3018 817 3087 Filii,
833 3025 860 3074 et
874 3017 936 3089 spi-
986 3016 1064 3073 uibus
1088 3019 1294 3077 commendabat
1318 3016 1433 3077 liom'iuo
1456 3022 1572 3094 quotidie
1592 3021 1659 3078 ruira
1681 3024 1780 3094 pietate

142 3118 212 3172 ritus
224 3112 334 3180 sancti,
351 3119 447 3168 cuncta
463 3109 588 3166 diabolici
604 3108 798 3180 phantasmatis
813 3108 902 3164 illusio
915 3120 930 3162 a
985 3110 1108 3167 devotus.

141 3205 218 3263 uobis
240 3204 402 3270 eradicetur,
418 3211 446 3258 et
469 3200 738 3257 utrvrtdemiuiiuvas
759 3198 931 3270 purissimum
1018 3200 1144 3271 Quadam
1179 3204 1393 3273 materfamilias,
1428 3206 1521 3264 Salvia
1548 3207 1669 3273 nomine,
1694 3210 1778 3266 nutrit

140 3311 241 3356 sauctae
256 3296 336 3363 idei,
361 3305 390 3354 ct
407 3294 563 3353 eiiciamiui
580 3310 690 3368 reguum
705 3292 821 3364 spiritur
834 3292 937 3349 saucii·
983 3294 1145 3351 venerabilis
1167 3295 1243 3367 pueri
1267 3296 1366 3364 bivini,
1389 3314 1421 3353 ea
1436 3300 1541 3355 assidua
1555 3294 1611 3355 stra
1627 3301 1779 3359 inormitate

142 3389 217 3446 Tunc
241 3389 345 3445 cunetis
369 3387 554 3455 intuentibus,
581 3386 670 3443 luuram
697 3385 850 3442 teterrimus
874 3390 933 3440 atro
984 3388 1143 3456 permultos
1158 3388 1334 3459 languescens
1357 3390 1425 3458 dies,
1450 3391 1482 3445 ad
1499 3391 1605 3446 iatalcm
1619 3392 1676 3464 jam
1692 3410 1779 3467 propte·

142 3493 239 3536 cruore
251 3478 396 3548 permistus
409 3491 443 3533 ex
457 3490 504 3533 ore
516 3487 544 3533 et
560 3477 668 3532 naribus
683 3490 776 3532 eorum
791 3473 931 3543 ebullivit,
986 3488 1091 3536 vaserat
1106 3480 1211 3547 boram,
1224 3497 1284 3553 quo
1300 3483 1419 3552 pondere
1436 3485 1528 3540 mortis
1543 3488 1684 3557 aggravari
1698 3502 1778 3559 cupa·

144 3571 303 3641 interimque
327 3569 464 3624 laruarum
487 3566 631 3638 nigerrima
655 3565 865 3638 conglomeratio
879 3580 934 3623 mtt-

144 3677 251 3719 scarum
266 3660 422 3729 edumarii,
438 3667 466 3716 ei
478 3660 604 3717 stridenti
621 3658 786 3733 confusoque
800 3658 891 3718 souitu
904 3660 933 3717 iu

140 3769 230 3809 acrem
240 3753 372 3810 crolando
384 3751 524 3824 disparuit.

175 3846 247 3913 Oaros
261 3844 405 3901 mundatos
426 3843 546 3902 coelestis
569 3844 690 3902 medicus
703 3845 853 3917 signamine
867 3858 933 3901 sau-

141 3947 193 3993 rim
206 3938 294 3993 crucis
310 3936 433 4004 monuit,
449 3947 478 3993 et
491 3935 519 3991 iu
534 3945 625 3993 sancta
641 3936 811 3993 corriessioue
833 3936 934 3993 curado·

140 4030 233 4085 artavit.
249 4029 300 4097 Qui
324 4026 465 4084 iideutioro
487 4028 579 4084 auimo
603 4029 811 4099 perspicaciores
834 4028 934 4096 allecti,

139 4121 195 4177 suis
218 4119 343 4175 ovrtuibus
369 4116 567 4181 renuntiarunt,
592 4115 721 4188 puerique
747 4116 817 4172 beati
846 4116 934 4174 bivini

985 3578 1036 3634 rat.
1046 3578 1074 3627 et
1085 3569 1139 3641 jam
1154 3572 1228 3642 attasi
1243 3572 1332 3642 ignota
1346 3570 1428 3629 lacios
1442 3574 1523 3640 illins,
1537 3574 1680 3632 erlaaustis
1694 3576 1776 3647 genia,

985 3663 1120 3734 nimiaque
1145 3664 1305 3734 pallitudine
1326 3667 1535 3736 opprimebatur,
1560 3683 1593 3723 ac
1615 3666 1665 3725 sub
1687 3668 1777 3740 rigidis

985 3754 1129 3813 luminibus
1141 3756 1312 3814 imbecilliter
1329 3761 1531 3816 circumstantes
1545 3761 1710 3827 intuebatur,
1720 3763 1777 3819 uui·

986 3848 1040 3904 lum
1056 3860 1144 3906 tamen
1168 3867 1328 3921 agriosceus,
1344 3853 1470 3923 nuteriam
1492 3854 1665 3910 obnubilatio
1679 3854 1776 3913 eatarui

986 3940 1058 3998 risus
1073 3942 1211 4011 impedivit
1223 3959 1293 4000 earu.
1310 3945 1386 4001 Unde
1398 3945 1561 4001 ineluctabili
1574 3949 1718 4004 utoercuiia
1729 3962 1776 4005 nav

986 4034 1154 4089 solummodo
1165 4034 1263 4090 cisium
1276 4032 1414 4092 familiaris
1425 4040 1521 4092 canucio
1531 4048 1614 4108 atnam
1623 4040 1776 4095 contectalis

986 4125 1082 4182 devota
1107 4125 1337 4183 contubernalitas
1367 4130 1605 4199 contristabamur,
1638 4139 1777 4187 serumst

140 4213 279 4269 adparere
302 4216 443 4281 roeperuut
464 4208 594 4278 vestigiis,
611 4217 638 4264 el
652 4208 782 4279 tciiqtuuu
806 4210 867 4266 rite
879 4225 935 4267 sou
985 4217 1118 4290 gloriosus
1131 4216 1196 4287 dux,
1211 4229 1239 4276 et
1253 4216 1311 4290 eins
1326 4219 1476 4290 palatinalis
1489 4221 1644 4277 veneranda
1658 4222 1776 4278 sublimi·

140 4313 246 4370 ieillpii!
259 4302 285 4355 in
299 4308 392 4355 311110ίὶ
405 4300 613 4357 conversations
631 4314 722 4356 secum
744 4300 933 4369 perduxerunt.
987 4320 1038 4377 ias,
1052 4319 1125 4366 tanto
1137 4310 1235 4380 dolori,
1250 4312 1382 4370 affectuali
1400 4313 1491 4369 cordis
1505 4313 1681 4381 contritione,
1694 4325 1776 4371 {eppep-

139 4394 257 4457 Quorum
269 4404 337 4445 oum
348 4389 494 4475 recabatur
505 4389 640 4459 lleriruos,
654 4391 722 4447 aliua
733 4391 931 4464 simphronius,
947 4404 1055 4496 1,ripaue
1090 4401 1328 4475 comperiebamus,
1352 4402 1418 4472 Qun
1449 4403 1504 4474 jam
1536 4417 1599 4459 eum
1629 4403 1656 4459 iu
1680 4405 1776 4460 euim

139 4483 166 4538 5¹¹
182 4482 235 4539 fille
245 4491 344 4539 Sillii&
355 4480 505 4551 Tiissilissir
516 4485 642 4556 “emilii
656 4484 691 4554 lili
705 4486 836 4558 militiis
852 4502 934 4559 elpa-
986 4492 1079 4557 mortis
1094 4495 1167 4566 rcrgi
1183 4494 1329 4560 videretur,
1344 4504 1371 4551 ct
1387 4510 1497 4565 prorsus
1511 4495 1679 4552 corutumata
1693 4496 1778 4569 despa

139 4578 244 4635 riuutur
265 4576 335 4649 apud
359 4578 410 4634 uo'a
432 4576 489 4635 lieo
510 4576 583 4649 digni
598 4588 625 4634 et
648 4580 740 4636 eximii
765 4580 934 4638 consessores
986 4596 1104 4652 roratur,
1130 4586 1236 4641 iuterim
1259 4588 1407 4642 accersitus
1430 4585 1537 4640 advenit
1550 4595 1661 4642 saumas
1675 4585 1778 4641 Lirinus

139 4671 242 4743 iliberi,
272 4681 301 4728 ct
323 4670 479 4728 coheredes
505 4670 581 4743 regni
604 4670 669 4728 iesu
690 4671 800 4729 Claristi.
826 4672 935 4731 Talibus
986 4690 1053 4745 puer
1080 4690 1220 4747 properus,
1249 4675 1376 4746 gloriosis
1411 4675 1553 4730 virtutibus
1578 4674 1777 4746 glorilicaudus,

139 4768 220 4836 igitur
245 4764 415 4837 omnipotens
437 4762 518 4830 oeus,
532 4764 691 4836 ceterisque
712 4764 811 4821 diuinis
831 4780 934 4838 praeco·
987 4768 1056 4824 iuter
1071 4769 1174 4825 medios
1188 4770 1357 4824 mccrcuiium
1373 4777 1469 4833 coetus,
1484 4782 1608 4839 superum
1623 4769 1778 4825 illustratio·

139 4860 288 4917 nandorum
303 4858 425 4931 insigniis
441 4859 615 4930 magnalium,
631 4859 702 4916 lruuc
715 4860 840 4916 dilectum
856 4858 936 4916 lamia
986 4861 1028 4917 uis
1042 4860 1145 4917 inmitte
1167 4859 1261 4926 iaetus,
1278 4859 1312 4915 ad
1336 4858 1476 4930 grabatum
1499 4858 1661 4930 properabat
1680 4859 1780 4917 dilecta

140 4957 194 5011 turra
227 4968 305 5011 sunm
345 4954 451 5010 tearum
478 4953 600 5009 livinum
635 4954 735 5010 uuarudo
770 4956 935 5013 manitesnri
986 4950 1108 5018 nutricis,
1121 4950 1176 5021 iam
1192 4953 1261 5007 mori
1277 4949 1439 5021 incipientis.
1464 4949 1496 5004 dt
1509 4947 1554 5004 obi
1575 4949 1698 5006 bumana
1709 4950 1776 5007 iord

140 5047 234 5112 reluta,
249 5057 278 5102 ec
291 5042 458 5117 perspicabili
474 5047 577 5103 racioue
598 5044 757 5102 discredatis
774 5063 830 5103 soe
845 5048 935 5119 dispo
986 5042 1087 5099 texerat
1111 5042 1195 5110 septu
1228 5041 1335 5109 octaua,
1360 5040 1404 5112 pta
1430 5040 1612 5097 sollicitudine
1644 5040 1783 5112 aangetm

137 5139 245 5194 sitiouis
268 5137 309 5193 sic
332 5136 523 5196 venerabiliter
546 5138 693 5193 electurum
720 5154 829 5195 autorum
856 5141 935 5213 (quos
986 5131 1115 5188 sditibett
1132 5133 1264 5189 ecclesiis·

140 5237 204 5286 artie
240 5226 331 5283 auttrrdi
366 5226 583 5284 corastitotiouem
610 5229 636 5283 itt
665 5231 855 5299 seutpiternam
883 5230 934 5287 sibi
1022 5223 1113 5279 Slibti
1126 5236 1214 5279 tillem
1227 5236 1310 5293 illie
1321 5222 1461 5278 0131ῑί11108
1473 5230 1548 5277 illut
1558 5219 1785 5277 idoieiwmllw

140 5320 331 5392 ptraeordiuarit
354 5321 478 5391 gloriam,
502 5319 599 5390 quibus
623 5322 792 5389 praeconibus
817 5322 936 5381 veritatis
986 5316 1099 5373 dilectus
1121 5316 1243 5381 bivinus.
1267 5316 1387 5373 coelestis
1418 5314 1561 5371 medicinae
1583 5324 1642 5368 arto
1672 5313 1786 5384 peritus.

139 5429 195 5471 snae
210 5415 300 5470 iumen
317 5411 483 5484 ‹ostendereti
506 5415 685 5471 sacrosanctis
709 5415 935 5473 curatribunalium
986 5410 1072 5465 occulis
1095 5423 1126 5463 ac
1150 5409 1274 5464 manibus
1296 5408 1324 5463 in
1348 5406 1446 5464 celum
1475 5420 1633 5478 suspensus.
1657 5404 1787 5481 lacrymis

140 5505 277 5577 aggregari
292 5503 451 5562 clementius
465 5503 598 5570 decrevit,
614 5507 770 5561 meritorum
783 5507 936 5565 uirtutibus.
988 5504 1081 5561 larcictu
1107 5503 1240 5571 perlustra,
1264 5511 1302 5567 et,
1317 5503 1388 5574 quod
1411 5517 1467 5571 prae
1488 5501 1654 5558 creberrimo
1667 5499 1788 5573 singultu

139 5598 192 5650 seri
207 5596 321 5677 egregie
344 5595 425 5651 etiam
447 5594 544 5651 iuduiia
571 5612 635 5667 pum
658 5597 757 5655 ‹liviuis
781 5601 937 5657 rutruucribus
987 5600 1051 5668 aegri
1062 5598 1165 5652 doloris
1179 5596 1254 5651 effari
1276 5598 1379 5665 neuuil,
1407 5591 1791 5665 prumrdtaliaejuaatiertaa

143 5686 291 5755 decoratos,
308 5686 403 5760 spiritu
419 5686 576 5743 immilieuis
596 5690 937 5762 perittcidus.iucompara·
988 5691 1196 5747 clarescentibus
1222 5690 1325 5746 moritis
1352 5690 1498 5760 peroravit.
1526 5689 1611 5743 Etiam
1640 5685 1705 5740 larris
1732 5696 1792 5741 erat
