3832 6114
137 325 187 380 5:²¹1
761 318 1020 378 OENSTANTiNUS
1038 317 1137 405 Part.
1719 319 1772 376 338

136 447 195 493 ast:
212 449 245 490 eo
256 432 327 504 quod
342 445 355 487 a
371 430 468 502 priscis
489 428 657 500 temporibus
676 428 748 485 sedis
771 431 1029 500 apostolicatum
1053 442 1221 501 nequaquam
1237 429 1245 460 ¹
1261 428 1382 484 bretetici
1406 429 1577 499 imperatoris
1591 444 1701 496 noman,
1725 444 1773 488 ant

136 527 256 598 eiusdem
270 523 421 578 ticinensis
445 520 573 578 Ecclesiae
589 520 700 576 antistes
714 520 747 575 ati
761 535 925 579 consecran-
980 524 1098 588 chartas,
1118 522 1160 576 rei
1175 522 1285 590 liguram
1299 520 1388 585 solidi,
1401 521 1548 590 suscipere,
1564 520 1634 576 unda
1648 536 1697 576 trec
1711 523 1771 592 ejus

136 623 199 675 rirsrn
213 616 372 687 pertinebat,
389 623 469 685 atquc
485 614 612 684 pertinet.
980 612 1082 683 etiigies
1100 611 1127 667 in
1144 611 1285 667 ecclesiam
1307 609 1458 666 introducta
1481 620 1533 680 est,
1559 626 1610 667 nec
1623 626 1701 667 suum
1722 628 1773 670 na·

172 712 281 768 iiisdem
297 709 461 780 temporibus
474 722 535 763 cunr
550 705 687 763 statuisset
701 705 815 776 populus
829 706 928 761 Rama·
982 717 1042 757 men
1056 701 1090 757 ad
1106 701 1249 757 missarum
1263 700 1415 758 solemnia¹
1430 699 1613 771 ptoietebsns,
1631 710 1644 739 ·
1657 704 1772 775 contigit

742 816 939 875 vastamus
957 812 1160 871 tucatouas.

177 920 185 952 ¹
201 916 267 973 est.
283 915 349 971 Luca
377 911 537 982 imperatoris
553 908 707 979 Philippici.
1013 902 1403 997 ΙἘοι1.1ιιι.,ιιιιιιιιιιιιιι.

810 1019 988 1078 voutanuu
1007 1016 1120 1074 NOTAE.

139 1129 267 1200 pbaniunt
292 1118 429 1177 iieinensi
458 1114 608 1172 sacerdotia
647 1112 821 1182 ptaeiicatet;
855 1114 926 1182 quod
981 1110 1095 1179 atanasi
1109 1107 1264 1162 domesticas
1286 1105 1406 1161 bistariae
1421 1104 1505 1162 initus
1524 1109 1665 1179 prasidio,
1687 1112 1770 1172 sopp.

141 1200 286 1270 pristitum
298 1191 347 1246 luit
371 1205 386 1242 a
410 1187 598 1243 Mediolanensi
619 1185 711 1238 statirn
732 1198 764 1238 ac
790 1184 927 1251 Crispinus
980 1180 1032 1236 ianr
1046 1181 1157 1249 quisque
1169 1176 1219 1232 sibi
1230 1176 1427 1243 cognominem,
1444 1188 1584 1246 postquam
1606 1186 1769 1254 cognomina

142 1265 264 1337 strigrarit
287 1261 319 1316 sd
333 1273 457 1327 superas.
472 1265 502 1311 ut
517 1257 542 1309 in
560 1254 617 1309 Vita
632 1253 717 1309 sancti
732 1253 873 1321 iltripbauii
888 1262 927 1308 te·
980 1252 1085 1319 adiecta
1098 1257 1171 1313 snut,
1188 1245 1283 1326 metita
1298 1247 1464 1313 ascripserit.
1480 1247 1507 1302 id
1523 1258 1612 1305 autern
1629 1256 1713 1308 multo
1728 1255 1771 1311 ia·

141 1350 225 1393 statur
239 1343 347 1389 saturus
368 1327 515 1390 Ennodins,
528 1326 573 1394 qui
589 1324 669 1378 etiarn
682 1321 733 1377 iuit
745 1323 926 1378 Ticiniensiutn
980 1322 1057 1374 cilius
1070 1320 1175 1373 caeteris
1187 1317 1278 1383 Crispa
1301 1316 1401 1369 iatnilia
1418 1318 1504 1385 patuit
1529 1333 1669 1387 praestare,
1683 1338 1771 1393 quan.

141 1409 292 1476 spiscapus.
308 1401 428 1455 Alterura
444 1409 509 1450 vera
524 1395 636 1448 babetur
652 1395 678 1445 in
697 1395 753 1446 tita
765 1393 851 1446 sancti
864 1394 929 1446 Arn-
979 1389 1123 1458 donuidern
1147 1397 1255 1442 sanctus
1277 1385 1436 1442 Benedictus
1449 1388 1482 1442 ad
1505 1392 1603 1444 multas
1624 1407 1719 1457 anons,
1733 1395 1769 1450 ad

142 1476 222 1532 brosii
237 1472 335 1536 scripta
355 1470 450 1522 endem
466 1479 523 1518 acro
537 1479 551 1517 a
568 1461 679 1517 Paulbra
701 1464 781 1528 ptcsb
801 1472 870 1528 tera,
898 1462 925 1515 in
979 1463 1123 1527 septimum
1139 1457 1265 1511 videlicet
1278 1469 1357 1523 snpra
1368 1459 1609 1527 otradtagesiounn,
1624 1460 1770 1520 Mediolani

141 1563 193 1616 qua
209 1544 323 1613 iegitur:
342 1537 466 1591 Ordinato
480 1533 612 1587 sacerdote
632 1531 752 1584 Ecilesirc
773 1476 925 1596 iYicinrnsis,
979 1531 1070 1584 sedern
1096 1537 1168 1581 tanta
1194 1527 1256 1580 ritae
1279 1527 1453 1580 sanctimonia
1478 1528 1631 1596 illustrarit,
1658 1543 1689 1586 ut
1711 1537 1772 1602 op„

142 1617 232 1671 incidit
253 1618 281 1665 ln
302 1608 485 1671 inlitrnitatem.
511 1600 563 1657 Sed
580 1601 606 1654 in
619 1601 738 1654 Romana
752 1602 856 1669 synoda
875 1601 926 1654 sub
981 1601 1061 1661 iarun,
1077 1596 1300 1666 quernadmadmn
1313 1596 1409 1649 Paulus
1423 1611 1486 1652 max
1497 1598 1621 1656 laudatus
1641 1609 1767 1671 testatur,

142 1675 485 1738 (bisuntinoBenedictus
497 1669 713 1738 archiepiscopus
723 1671 925 1736 ceciditcausa;
980 1671 1134 1722 nniversam
1152 1667 1253 1721 italiam
1269 1667 1424 1733 pervaserit.

143 1772 172 1809 ea
185 1751 265 1825 qnod,
281 1759 309 1802 ut
323 1754 414 1800 noster
429 1743 454 1796 in
476 1743 555 1802 uit,a
580 1740 668 1805 priscis
691 1741 847 1808 terripatibas
869 1741 962 1820 sedlB
1013 1736 1152 1806 ‘Corrupit
1179 1744 1206 1788 at
1225 1733 1319 1789 Patras
1332 1736 1437 1806 quidam
1450 1752 1497 1806 pra
1521 1736 1615 1792 ducatu
1641 1739 1770 1799 Romanas

140 1821 301 1892 apostolico,
323 1814 438 1886 ejusdem
457 1758 602 1864 qlirinensis
623 1808 746 1862 Ecclesia
768 1811 872 1864 antistes
889 1811 923 1864 arl
980 1808 1049 1861 ariis
1065 1807 1529 1874 Rauennamdirigerstproeceptssns..
1540 1847 1563 1863 ..
1578 1801 1612 1862 Et
1624 1812 1721 1882 {actum
1729 1823 1773 1870 ast

145 1888 344 1946 consecrandam
355 1881 504 1953 pertinebat,
517 1891 540 1934 et
555 1880 670 1946 pertinet.
688 1878 749 1932 ilaec
764 1893 826 1932 seta
842 1879 928 1948 prisca
979 1882 1040 1931 dunt
1055 1875 1263 1945 Cbristapltatus,
1277 1876 1322 1945 qni
1334 1875 1463 1932 eraldus.
1530 1876 1681 1937 Primusrx
1698 1884 1773 1937 Aus-

146 1972 268 2027 tempota
284 1952 427 2010 non-attins
441 1949 525 2018 repeti
541 1957 652 2018 possunt
663 1947 740 2002 abiis
772 1947 849 2002 nibus
860 1949 929 2004 Lan·
980 1950 1064 2002 stasio
1078 1948 1197 2002 accurrit
1212 1945 1420 2013 Cirristapborus
1430 1948 1475 2016 qui
1489 1947 1539 2001 sub
1560 1950 1671 2006 nomine
1693 1951 1770 2011 ducis

144 2023 322 2100 goisrtdorum
336 2019 503 2091 ragesTicini
518 1963 841 2086 retransmisimus
855 2017 926 2073 enirn
980 2018 1107 2073 iiornanae
1116 2014 1190 2071 urbis
1200 2017 1539 2082 apertecnrrntietut.Quid
1554 2018 1686 2090 significet
1698 2037 1769 2079 nors

148 2117 195 2168 pet
208 2092 398 2168 Langobardos
421 2089 447 2143 io
466 2086 568 2143 italiam
594 2089 749 2155 irruptione,
776 2087 929 2143 Honoratus
981 2087 1039 2142 baec
1049 2088 1193 2158 appellatio
1204 2085 1295 2149 ducis,
1312 2100 1371 2153 uua
1384 2086 1509 2155 dignitas,
1525 2104 1584 2158 quaa
1602 2090 1766 2160 jurisdictio,

145 2164 352 2226 biedioisncnsis
375 2159 487 2214 antistes
506 2172 581 2211 norae
597 2158 682 2228 gentis
704 2159 810 2211 ienitate
826 2166 929 2227 perter-
979 2172 1038 2226 qua
1052 2168 1142 2227 partes
1156 2155 1262 2220 luerint,
1278 2169 1339 2224 quae
1353 2156 1450 2210 ducnrn
1465 2159 1559 2225 seties,
1575 2170 1602 2214 et
1616 2166 1770 2232 successio,

148 2241 226 2304 ritas,
248 2249 309 2290 cnm
333 2230 465 2301 pictisque
490 2227 646 2282 clericorum
671 2237 751 2297 atqua
768 2227 926 2294 optimatum
979 2229 1024 2297 qui
1040 2229 1107 2281 dues
1120 2224 1232 2281 Rotnani
1247 2224 1369 2289 ducatus,
1392 2242 1449 2293 nnn
1462 2228 1542 2283 urbes
1561 2229 1594 2282 ad
1609 2245 1670 2285 eum
1686 2232 1770 2299 perti·

148 2301 266 2364 Gerruaor
282 2301 426 2358 concessit.
449 2297 512 2351 Post
537 2312 597 2351 euni
621 2295 712 2366 plnres
735 2296 929 2366 archiepiscopi
979 2307 1083 2360 nerent,
1100 2296 1192 2350 libenti
1216 2295 1304 2348 studio
1328 2295 1530 2365 investigarent,
1545 2300 1567 2352 si
1583 2315 1645 2370 spes
1671 2301 1769 2358 augum

148 2374 359 2437 Mediolanenses
372 2367 513 2424 traduntur
529 2366 606 2422 eiecti
628 2367 725 2421 ibidem
739 2366 829 2431 inissa,
846 2381 930 2437 usquc
980 2366 1120 2436 affulgeret
1132 2364 1230 2434 aliquid
1244 2364 1311 2419 certi
1323 2370 1445 2429 eruendi,
1457 2377 1485 2421 et
1495 2367 1603 2438 figendi,
1616 2369 1685 2425 unge
1699 2371 1770 2426 pige,

146 2449 180 2503 ’ὓ
195 2455 317 2502 “fliium
336 2441 466 2498 ³⁰²⁰¹¹0¹¹¹
481 2437 594 2503 ¹3⁰¹¹¹¹ffls
620 2437 676 2504 (1¹¹3,
697 2439 843 2491 immunera
858 2437 929 2492 Lan·
980 2435 1142 2491 Pontidcaiis
1158 2434 1285 2489 illustrari
1297 2448 1345 2503 pra
1357 2438 1454 2490 marito
1466 2447 1567 2505 posset.
1580 2441 1631 2494 Sed
1648 2442 1769 2497 tenebris

145 2517 323 2588 gobsrdotutu
338 2509 502 2565 dominatum
516 2522 570 2560 non
583 2507 692 2571 timens,
707 2508 739 2560 ad
752 2506 841 2562 sedern
852 2521 927 2561 suam
979 2507 1066 2569 obsita
1079 2505 1178 2569 amnia,
1195 2504 1308 2568 lubrica,
1322 2512 1351 2559 et
1365 2505 1476 2572 irtccrta,
1491 2509 1587 2577 quibus
1603 2509 1686 2565 num
1708 2519 1769 2567 2020

147 2603 178 2642 se
191 2584 315 2649 cantuiit,
332 2580 473 2650 Ligusticis
487 2576 634 2632 secessioni
657 2578 741 2632 l'ernte
754 2585 814 2643 past
827 2575 928 2645 iapsurn
980 2591 1032 2630 non
1048 2580 1142 2645 passis,
1164 2575 1305 2630 silentibus
1323 2583 1511 2643 superuncta
1531 2579 1684 2633 auctoribus
1705 2595 1770 2651 syn·

147 2658 237 2711 saculi
251 2653 332 2708 tuen
345 2653 495 2717 imponens.
518 2646 583 2702 Cum
598 2661 662 2701 reta
685 2661 733 2714 pto
757 2656 847 2701 tatere
869 2645 930 2713 juro
979 2645 1098 2713 ebronis,
1110 2654 1138 2700 et
1145 2645 1339 2700 recentioribus
1351 2644 1527 2714 scriptoribus
1541 2663 1661 2704 reseratu
1675 2664 1772 2707 mouu-

149 2722 330 2794 tcrupcrando
343 2717 556 2776 consectationis
578 2715 728 2770 'ticinensis
750 2715 867 2785 episcopi
882 2717 930 2771 ils·
980 2725 1129 2775 mentatum
1145 2715 1269 2784 prasidio
1283 2715 1427 2770 destitutis.
1440 2716 1599 2786 Tetrtuba,si
1611 2721 1770 2778 esdnasta·

150 2797 271 2851 nedictus
284 2792 358 2846 iitern
370 2788 509 2844 intentarit
524 2786 550 2839 in
567 2785 687 2839 Romana
706 2787 831 2849 concilio,
846 2800 862 2839 a
875 2786 929 2841 dis·
979 2785 1021 2839 tia
1037 2786 1121 2854 possit
1133 2785 1291 2840 Arrastasius
1303 2784 1440 2840 illustrari.

149 2880 229 2920 oessu
251 2859 379 2916 iianarati
403 2854 622 2923 sesquisarcnlatn
642 2855 793 2910 ebturetat.
819 2853 873 2910 iiac
896 2857 930 2912 ds
1016 2855 1092 2910 italia
1118 2855 1206 2909 arnnis
1234 2856 1442 2922 imperatoribus
1469 2857 1599 2927 parebat,
1623 2869 1770 2932 antequam

150 2949 230 2990 eausa
243 2940 334 2987 noster
346 2927 461 2983 albuinus
474 2925 637 2992 spectavisse
651 2924 684 2979 ad
699 2925 847 2979 Rornannrn
861 2939 929 2994 pon·
980 2924 1101 2981 barbam
1115 2926 1240 2979 nationes
1253 2923 1280 2979 in
1297 2923 1369 2979 iiistn
1387 2925 1585 2996 irrumperent,
1607 2938 1634 2986 et
1648 2932 1721 2989 tetro
1740 2940 1771 2987 οι

151 3007 248 3060 tilicern
262 2999 380 3070 apriscis
393 2997 546 3064 temporibus
560 3008 718 3049 carisecrare
732 2995 872 3063 episcopos
885 2996 930 3050 'i'i·
980 2994 1042 3065 igne
1062 2997 1151 3050 arntiia
1170 3001 1316 3050 vastarent.
1336 2993 1479 3051 Novissimi
1500 3001 1545 3067 qui
1566 2999 1648 3055 italiae
1671 3002 1769 3068 maiori

150 3077 212 3129 citra
225 3073 305 3194 trgim
318 3066 379 3123 urbi
391 3064 593 3137 ptaebriendns3
609 3066 680 3118 unde
694 3065 852 3120 benedictus
867 3080 929 3120 sert·
945 3105 970 3169 c
987 3065 1054 3134 parti
1067 3065 1200 3131 insedere,
1216 3065 1291 3120 luere
1302 3063 1480 3134 Langobardi,
1493 3070 1549 3135 qui,
1566 3072 1707 3140 praecipuis
1716 3071 1772 3128 tra.

152 3141 234 3200 tentia
274 3144 389 3193 laniante
412 3134 508 3203 synodi
534 3136 619 3189 rictus
643 3134 783 3189 abscessit.
801 3135 932 3190 Enmdern
985 3135 1197 3205 iicisprariuciis
1211 3133 1298 3206 potiti,
1312 3134 1771 3212 imperatoribusGtaecisreliquum

149 3209 340 3268 controuersias
353 3207 433 3260 linem
457 3202 540 3258 luisse
555 3204 648 3258 scribit
663 3205 744 3259 etiam
759 3203 858 3259 Paulus
871 3206 935 3260 Dia·
986 3214 1039 3260 nott
1055 3209 1154 3273 iecere,
1170 3207 1220 3260 nisi
1242 3219 1303 3260 eum
1319 3214 1444 3275 tractum,
1465 3207 1509 3276 qui
1524 3223 1539 3262 a
1561 3210 1632 3264 Pado
1645 3210 1679 3264 ad
1694 3226 1772 3268 strato

149 3295 234 3337 conus
247 3277 337 3352 (Libra
352 3291 388 3338 tr,
409 3290 467 3343 cap.
482 3274 540 3345 ιθ),
560 3274 605 3344 qui
618 3274 692 3328 addit
705 3282 833 3344 practerea
856 3290 935 3331 rane·
985 3275 1149 3332 Adriaticum
1163 3276 1305 3344 porrigitur
1318 3276 1388 3330 inter
1398 3280 1578 3346 spenstiuurn,
1590 3279 1771 3349 i‘errtapoiirn,

153 3351 263 3407 rabilem
285 3345 457 3402 benedictum
478 3345 706 3414 archiepiscopum
721 3344 807 3399 uirum
822 3347 935 3414 egregiae
986 3354 1112 3409 etmare,
1128 3347 1172 3400 cui
1192 3344 1326 3399 iiatcnrtae
1344 3350 1533 3412 etarclratuin,
1557 3349 1590 3402 ad
1616 3352 1773 3421 etctnplunr

153 3419 302 3476 sanctitatis
330 3416 427 3480 luisse,
451 3415 484 3468 do
508 3429 561 3484 qua
587 3430 633 3481 pet
656 3415 806 3469 uuiretsant
834 3414 935 3470 italiam
986 3415 1151 3470 Exercitatus
1168 3415 1274 3480 Atticae,
1291 3428 1387 3468 ttamen
1414 3415 1477 3471 iecit
1492 3418 1638 3487 Longinus,
1653 3425 1772 3476 datusa

153 3491 231 3545 bonas
243 3486 375 3557 opinionis
389 3485 459 3538 launa
473 3484 609 3555 fragravit.
625 3483 708 3538 Tanta
720 3499 784 3538 tcta
800 3485 878 3553 bujtrs
891 3499 935 3540 at·
985 3483 1092 3539 lustina
1106 3489 1265 3554 imperatore
1277 3496 1418 3539 successor
1431 3486 1549 3551 Narseti,
1564 3503 1635 3542 anno
1655 3489 1719 3558 adt,
1733 3501 1776 3547 at·

153 3557 315 3626 cbiepiscopi
328 3555 456 3610 sauctitas
471 3555 530 3618 luit,
546 3552 610 3608 utin
620 3566 771 3609 sanctorum
785 3553 868 3610 iustos
878 3555 936 3623 ejus
987 3569 1041 3624 qua
1052 3570 1110 3608 cant
1122 3552 1203 3608 italiae
1218 3565 1331 3622 partein,
1342 3567 1402 3622 quae
1413 3557 1480 3609 inari
1491 3570 1591 3624 supero
1604 3558 1721 3626 alluitur,
1737 3562 1775 3616 ad

152 3643 250 3687 namen
264 3628 376 3682 relatum
391 3624 436 3690 sit,
462 3634 542 3690 atnoe
561 3624 597 3679 sb
619 3622 739 3679 Ecclesia
760 3623 936 3680 ambrosiana
986 3624 1103 3678 Siciliam
1116 3639 1210 3691 usque,
1227 3633 1341 3692 excepta
1358 3623 1455 3679 ducatu
1471 3626 1670 3693 berreventano,
1685 3643 1775 3696 queat

152 3699 296 3771 quotannis
308 3696 400 3767 quinta
415 3693 475 3749 idus
489 3696 595 3749 blattias
608 3696 738 3749 memoria
753 3695 811 3762 aius
821 3696 936 3752 solemni
987 3692 1155 3762 Langobardi
1181 3695 1279 3762 pariter
1302 3692 1468 3748 abtinebant.
1486 3697 1606 3750 bsatcba
1632 3697 1776 3759 iiatenuae

150 3770 206 3826 rita
216 3769 375 3825 celebratur.
391 3765 448 3820 itno
462 3766 488 3820 iu
506 3765 593 3818 tabula
608 3765 869 3845 arabiepsscaparurn
883 3766 938 3822 die·
986 3763 1160 3830 consistebat,
1170 3765 1283 3834 indeque
1292 3763 1318 3817 in
1326 3762 1393 3816 alias
1401 3764 1776 3834 terrasbrisntisinperatort

151 3838 315 3895 dinianeosis
345 3835 473 3890 Ecclesiae
496 3837 604 3890 decretu
632 3836 739 3889 canalii
765 3837 937 3905 provincialis
987 3834 1121 3903 subjectas
1138 3841 1194 3888 turn
1208 3847 1283 3888 sacta
1298 3833 1426 3902 principis
1434 3835 1520 3904 jussa,
1534 3848 1589 3889 turn
1603 3851 1667 3891 suas
1685 3837 1776 3893 adrai-

151 3910 236 3974 edita,
260 3921 319 3977 qua
331 3913 419 3959 exstat
430 3912 525 3972 quarta
539 3914 615 3973 parte
631 3903 758 3958 Actorum
780 3907 831 3960 sub
843 3916 937 3962 sancta
988 3903 1098 3971 nistros,
1112 3905 1157 3972 uui
1171 3905 1252 3958 ratiis
1264 3903 1416 3958 riornitnbus
1436 3907 1634 3972 indicabantur,
1651 3909 1775 3978 magistri

152 3979 260 4041 Carula,
276 3981 385 4029 sanctus
399 3973 559 4027 Bertedictus
579 3975 613 4025 dc
636 3974 736 4026 iamitia
754 3972 840 4042 Crispi
854 3976 938 4031 luisse
989 3975 1265 4040 rnilitum,saeeiiatii,
1280 3974 1451 4042 cbartuiarii,
1468 3975 1600 4030 tnittebat.
1616 3978 1652 4031 ba
1664 3979 1734 4033 duce
1746 3987 1777 4037 et

152 4049 251 4103 dicitur
264 4058 340 4127 :qast
356 4040 564 4120 tesdactissimo
576 4037 757 4162 Pffebrocbia
772 4040 865 4122 (Tanta
881 4043 934 4098 tit
987 4044 1084 4099 ducatu
1096 4048 1189 4097 danitae
1205 4059 1252 4111 pet
1271 4059 1302 4097 ea
1317 4053 1437 4111 tempora
1451 4060 1536 4113 usone
1550 4048 1583 4100 ad
1597 4060 1694 4101 arritum
1717 4048 1776 4104 cit·

151 4117 217 4172 ttatt
229 4119 256 4171 ist
276 4113 385 4184 Laenati
404 4113 435 4164 tle
453 4123 579 4179 apiscaprs
626 4111 841 4184 edsalansnssbus)
866 4113 936 4168 baud
987 4114 1113 4167 citetiii
1130 4115 1212 4166 altuni
1237 4111 1371 4165 silentium
1396 4113 1422 4166 in
1444 4114 1513 4170 libra
1533 4117 1686 4185 pontificali,
1708 4118 1776 4175 etsi

153 4189 300 4255 probatar;
322 4181 394 4251 quad
410 4196 441 4235 ea
460 4189 628 4249 tempestate,
651 4196 704 4249 qua
727 4193 835 4237 sanctus
849 4183 936 4239 bena·
988 4183 1204 4253 qusatnentiude
1215 4181 1566 4252 iiarnanisuaagistratibus,
1578 4188 1595 4240 ri
1607 4186 1776 4259 indicantur,

153 4259 240 4309 dictus
251 4252 366 4335 nitebat,
381 4250 406 4304 id
420 4258 584 4331 est,·oetata
598 4253 711 4333 aucuia,
723 4260 803 4307 natus
813 4267 866 4308 non
879 4265 938 4309 erat
988 4252 1030 4307 rai
1046 4253 1155 4305 nomina
1174 4251 1305 4355 indicunt,
1319 4267 1367 4333 seu
1389 4257 1524 4310 exercitus
1547 4258 1678 4322 Rotnani,
1700 4266 1730 4312 ut
1745 4258 1776 4313 in

151 4334 484 4453 titittf‘btttbtl'
497 4319 938 4455 tt⁸ittltti¹t²²¹btittti3d
987 4318 1777 4466 ilttltln'nbi.diti,utlb‘littttlt‘.i,⁰tttt

151 4450 935 4599 tlttu‘iltuibtntllnitidissimitillidi·
950 4454 976 4513 ⁰
987 4461 1779 4592 ‚ttatutriturabuntttulit“lulli

924 4570 933 4590 .
1428 4551 1441 4587 r
1515 4552 1587 4589 stam
1619 4551 1635 4589 s
1664 4554 1678 4589 ι

151 4606 204 4659 Sed
216 4606 293 4672 lange
307 4610 369 4654 tnta
383 4598 556 4663 Galesiniuta,
572 4599 618 4668 qui
631 4598 734 4653 decimo
745 4609 821 4655 atsto
836 4602 934 4656 saecula
986 4548 1115 4654 asgotum
1133 4604 1272 4656 sancitam
1286 4603 1409 4657 iiansnrtae
1428 4551 1568 4674 citiorem),
1590 4575 1637 4661 ’rei
1646 4540 1777 4674 qiutligum

150 4673 351 4742 uitamagcbat,
374 4670 401 4724 in
427 4683 491 4723 utss.
506 4668 691 4738 episcoporum
704 4669 842 4741 catalogis,
865 4685 933 4724 nan·
986 4672 1164 4739 etprirnatunr
1186 4677 1332 4739 exercitus,
1350 4684 1378 4729 ut
1404 4673 1432 4727 iu
1454 4674 1576 4745 Curione,
1590 4691 1618 4730 ιι.
1643 4674 1706 4740 aba,
1731 4678 1778 4735 rel

150 4745 217 4798 nulii
240 4739 445 4811 archicpiscopi,
460 4740 505 4806 qui
528 4747 592 4795 ante
616 4739 785 4792 undecimum
807 4744 933 4796 seculum
987 4744 1127 4809 ptnnaturn
1141 4742 1261 4812 judrcnrn
1284 4756 1311 4798 cr
1325 4743 1460 4798 exercitus
1475 4745 1602 4800 iiomanae
1617 4746 1729 4811 militia,
1745 4756 1777 4803 ut

150 4813 276 4878 darneto,
299 4826 361 4866 euro
377 4807 540 4864 iatodiaruar
564 4809 766 4878 cognominibus
786 4809 879 4880 scripti
893 4813 935 4866 iu·
986 4813 1013 4866 in
1037 4811 1142 4882 Sergia,
1155 4829 1182 4872 n.
1202 4811 1264 4868 158.
1279 4813 1455 4868 Constantino
1478 4816 1567 4884 itaque
1588 4815 1775 4887 pontilicatusu

150 4887 304 4939 renduntur.
327 4881 480 4936 Praesertim
501 4881 527 4933 its
540 4885 659 4949 catalago
684 4894 736 4934 ms.
761 4880 876 4951 Pbiiippi
901 4882 935 4938 de
984 4892 1083 4953 agente
1097 4883 1265 4951 primusdux
1284 4882 1475 4952 cristophorus
1488 4888 1707 4941 nominaturirae
1726 4900 1776 4943 aa·

150 4954 245 5009 Castra
260 4953 367 5022 seprio,
382 4966 462 5020 quern
483 4964 568 5018 usque
583 4950 821 5018 adsimulatam,
836 4953 870 5006 sd
885 4967 934 5007 an·
985 4952 1176 5007 cusienetlurn
1189 4953 1504 5022 Pbibppicusimpcratat
1515 4956 1672 5023 trasericus,
1684 4971 1778 5012 sacta·

151 5037 214 5074 nuru
227 5023 329 5075 scilicet
343 5019 423 5087 tait,
440 5022 575 5090 perduxit,
587 5019 663 5089 cujus
675 5024 822 5090 exemplat,
835 5022 935 5077 Medio·
986 5038 1045 5077 tutu
1059 5021 1206 5092 imaginum
1221 5037 1293 5086 osor,
1307 5023 1418 5077 iiotnatn
1431 5026 1549 5080 misisset
1564 5026 1672 5082 Petrum
1682 5042 1777 5098 quem·

149 5091 203 5145 iani
217 5104 388 5154 cumensem,
413 5095 440 5143 in
462 5091 624 5145 bibliotbeca
647 5090 759 5160 insignis
780 5093 935 5150 siranastetil
985 5092 1047 5147 datu
1073 5092 1108 5145 sd
1132 5097 1255 5146 ducatum
1277 5089 1426 5147 itantanurn
1456 5097 1643 5163 obtinendum,
1660 5099 1778 5166 papulus

148 5163 236 5215 sancti
252 5157 386 5232 Ambrosii
400 5172 450 5226 ega
462 5161 574 5228 per-tagi.
597 5160 655 5215 Non
679 5160 760 5231 igitur
783 5159 934 5219 Gaiasimus
986 5162 1134 5226 licinianus,
1148 5163 1205 5229 oui,
1222 5172 1251 5215 ut
1266 5162 1352 5230 iniquit
1363 5168 1531 5231 anastasius,
1547 5183 1707 5237 nequaqnam
1721 5169 1776 5222 lta·

149 5231 253 5303 singula
267 5240 452 5306 episcopatum
464 5230 624 5298 rogitamina
637 5232 765 5300 catalogis
780 5232 882 5300 primus
894 5241 935 5287 st·
984 5232 1055 5285 retici
1068 5234 1227 5300 imperatoris
1235 5248 1337 5298 namen,
1349 5244 1393 5287 ιιι
1405 5235 1518 5302 cltartas,
1527 5241 1564 5290 ιιι
1574 5239 1687 5305 liparam
1697 5237 1778 5292 solidi

148 5309 246 5358 texunt.
268 5297 346 5364 Quod
359 5309 412 5350 nau
425 5304 470 5376 'tta
486 5307 574 5376 tamon
599 5300 679 5353 ratitn
700 5301 823 5372 intelligi,
848 5312 877 5355 ut
888 5316 935 5357 ca·
985 5303 1096 5370 recipere
1109 5310 1243 5365 statuerat,
1261 5307 1328 5356 ande
1349 5321 1396 5359 ors
1408 5307 1464 5375 rp'as
1488 5306 1585 5377 effigies
1600 5311 1626 5359 in
1642 5310 1777 5363 eecluiaot

150 5372 287 5443 gramina,
310 5374 459 5439 praesertim
486 5376 557 5422 tuter
582 5368 762 5424 Ecclesiatunt
789 5371 933 5437 antistites,
985 5373 1130 5425 introductu
1143 5382 1192 5436 est,
1209 5388 1255 5425 nrt
1265 5389 1340 5436 satius
1352 5391 1442 5427 nanten
1457 5379 1490 5428 sd
1501 5381 1639 5431 missarum
1652 5379 1777 5432 salensis

149 5455 212 5497 astte
225 5443 394 5497 undecimum
406 5435 534 5492 maalain
549 5438 576 5517 in
593 5452 642 5490 usu
659 5451 748 5505 putatu
761 5437 857 5506 fuisse,
872 5455 933 5496 autu
984 5439 1161 5512 prasnelsont,
1184 5445 1242 5497 zelo
1261 5443 1323 5497 udat
1342 5458 1486 5512 accensus,
1509 5448 1596 5502 statuit
1612 5451 1722 5502 Petrum
1744 5448 1778 5504 ii·

149 5513 264 5567 idunire
277 5511 400 5574 sentiam,
423 5517 476 5562 tata
488 5508 599 5563 tirmiter
614 5517 734 5562 veterum
749 5513 934 5580 episcoporum
986 5515 1041 5566 ium
1063 5513 1211 5582 suscipata,
1236 5526 1319 5582 sequa
1339 5515 1534 5584 citrrstapboro
1559 5517 1622 5572 duci
1643 5532 1778 5575 srrrrstrn

147 5584 264 5650 origines
278 5580 305 5635 in
320 5577 453 5637 nobilibus
467 5575 707 5632 Mediolanensibus
731 5579 838 5636 larndirs
852 5581 935 5650 (quad
985 5582 1115 5653 enitibuit,
1132 5594 1160 5638 ut
1185 5598 1218 5637 ro
1232 5584 1301 5638 duca
1320 5584 1470 5641 decurtarat
1494 5589 1624 5642 sdrctsus
1650 5587 1775 5655 Petroni,

146 5650 217 5705 idern
232 5650 379 5730 trucellus
392 5649 496 5731 indita
510 5648 745 5732 satietibautcntii
760 5652 837 5706 Littae
852 5659 934 5733 testa·
984 5667 1099 5723 eumque
1122 5655 1156 5709 ab
1170 5653 1292 5723 ingressu
1316 5655 1389 5710 urbis
1411 5665 1439 5711 et
1464 5657 1636 5728 magistratus
1659 5670 1776 5714 tractas.

148 5723 202 5792 turi
217 5727 370 5776 caaunaata
382 5733 513 5790 magorum
534 5723 678 5778 uadtttane
690 5723 793 5779 serrari
804 5729 934 5794 patuisse,
985 5723 1135 5797 ragusina
1145 5733 1188 5784 est
1198 5740 1225 5782 ιιι
1237 5738 1279 5780 rra
1294 5723 1393 5797 Sacra5
1407 5741 1521 5796 cumque
1541 5729 1630 5800 plures
1644 5728 1777 5786 ruinsrsti
