3810 6114
130 274 188 335 2⁴5
733 274 777 331 oli
797 272 967 331 tntlotltlls
989 275 1164 334 ildoldtltt.
1704 273 1764 331 iib-
1858 337 1867 357 fl

167 384 216 439 llic
230 397 336 453 onootto
353 382 487 440 destruxit
504 383 574 439 Bolis
586 383 698 439 delubra
710 381 829 447 nabadi,
932 382 957 441 Α
972 380 1090 454 Namque
1104 384 1271 441 salutiferum
1293 385 1407 442 arundus
1423 385 1539 456 Baptista
1553 387 1700 446 Tonantem

129 474 299 530 Fluminibus
314 476 448 530 scelerum
464 476 558 532 mortis
572 475 724 533 discrimina
751 475 848 544 passis,

128 568 217 634 Atque
231 567 387 622 sacerdotes
410 566 509 636 populo
522 567 574 622 snb
587 566 682 623 lrande
694 564 787 621 sacelli

129 656 266 712 fallentes
281 656 383 726 pariter
397 657 522 712 multavit
535 667 621 712 morta
634 663 760 711 cruenta.

128 747 266 815 ‘lempors
277 745 318 801 aic
327 745 391 814 alio,
407 747 519 803 vincens
533 747 631 803 virtute
643 747 797 811 draconem,

130 836 279 893 llorrendis
289 846 375 893 atram
387 836 507 908 jactabat
520 837 640 894 lancibus
650 835 741 904 odam,

130 930 201 984 bum
214 927 296 998 glutit
309 927 412 998 piceam
423 928 540 985 crodclis
552 929 640 985 bestia
649 943 777 997 massata,

131 1021 207 1076 lllrco
218 1028 378 1090 rumpuntur
392 1022 510 1076 multatas
520 1021 623 1076 viscera
639 1020 738 1075 belnae.

130 1113 206 1167 liunc
222 1111 294 1166 lieus
304 1111 436 1167 horrenda
455 1126 562 1182 semper
577 1121 680 1167 tutatur
692 1112 726 1166 ab
743 1111 794 1177 ira,

129 1200 285 1268 Quamlibet
297 1211 423 1272 expertus
445 1203 544 1259 toleret
558 1212 689 1259 tormenta
703 1202 845 1258 melorum.

129 1292 253 1362 maique
266 1306 319 1348 non
332 1291 459 1364 trepidat,
474 1293 557 1350 lretus
571 1294 724 1352 coelestibus
736 1294 829 1364 armis,

129 1381 224 1437 Saevos
242 1382 377 1438 belvarum
389 1382 485 1451 rictus,
502 1399 661 1456 morsosque
675 1362 792 1453 ieonum,

130 1472 258 1538 Quatnsis
274 1472 392 1528 inclusus
407 1475 485 1530 saerb
499 1477 645 1532 tortoribus
659 1486 741 1544 esset,

130 1563 264 1634 Egregios
278 1573 352 1620 rates
363 1564 465 1621 loveam
478 1574 599 1623 retrusos
619 1567 646 1622 in
661 1575 756 1622 atram.

131 1653 278 1724 Virginitas
291 1664 395 1712 castum
409 1655 449 1711 sic
466 1665 556 1713 serrat
567 1670 673 1728 semper
685 1659 811 1727 amicum,

129 1743 238 1800 Tetrica
248 1755 423 1802 contemnens
437 1747 552 1803 millenis
566 1746 661 1804 damna
676 1747 793 1820 periclis.

165 1837 213 1891 Sic
224 1851 330 1907 qnoque
345 1838 470 1908 virgineis
494 1838 647 1895 redolentes
661 1839 770 1896 boribus
784 1840 849 1897 olim

129 1924 201 1982 Tres
211 1927 288 1996 pueri
299 1926 400 1997 pariter
416 1938 557 1984 serrarum
569 1928 629 1999 jura
643 1930 762 2000 pudoris,

132 2014 221 2070 Aurea
232 2027 389 2085 spernentes
402 2019 491 2074 stolidi
512 2019 655 2075 simulacra
670 2021 786 2090 tyranni.

129 2109 180 2176 Qui
194 2118 296 2165 illlltbts
311 2109 381 2183 rulgi
395 2111 505 2167 surdum
526 2121 682 2182 mutumque
695 2113 833 2169 metallum

130 2199 246 2273 barnerio
262 2210 380 2257 terrente
397 2202 474 2270 jubet
487 2202 641 2259 venerarier
655 2217 760 2269 omnes,

129 2288 197 2344 Cutu
210 2290 273 2345 tuba
283 2291 431 2347 raucisonis
447 2292 540 2349 reboat
551 2292 722 2362 clangoribus
732 2292 795 2359 alte,

130 2379 233 2436 Potula
249 2395 311 2436 com
324 2381 435 2437 citharis
446 2383 592 2440 reclamans
602 2384 701 2439 etbera
713 2384 811 2453 puisat,

129 2469 264 2525 Sambuca
275 2471 421 2540 salpicibus
436 2472 580 2541 respondet
601 2471 702 2528 musica
714 2473 828 2530 crebris.

131 2559 167 2615 lit
180 2561 292 2630 genibus
307 2559 383 2616 lieris
393 2569 421 2617 et
433 2577 516 2617 curro
531 2564 630 2632 poplite
642 2562 731 2632 plebes

130 2652 220 2708 Aurea
236 2667 283 2722 per
298 2667 407 2722 campos
421 2661 531 2709 orarent
545 2652 616 2709 idola
629 2653 713 2724 regis.

130 2742 185 2800 Sed
201 2755 290 2801 tamen
306 2743 418 2801 liebraa
428 2758 560 2817 spernens
570 2743 684 2800 ludibria
696 2741 779 2815 pubes

130 2835 236 2892 Corum
246 2831 250 2837 ’
261 2852 314 2892 nou
330 2836 414 2893 llectit
426 2834 578 2893 simulacris
589 2835 657 2892 eolla
671 2833 792 2891 nefandis
806 2852 812 2889 :

133 2925 234 2995 impius
249 2927 348 2984 ideireo
363 2926 481 2984 lornacis
495 2937 567 2984 torre
581 2927 707 2992 minatur,

132 3019 280 3076 l‘uberibos
291 3020 372 3077 castis
384 3029 414 3076 ut
433 3022 534 3078 cultum
548 3027 673 3094 suggerat
686 3018 775 3083 ardor,

130 3105 200 3164 lium
214 3109 356 3165 furibunda
370 3109 429 3180 pios
441 3107 663 3165 nodarentvincla
679 3107 807 3162 lacertos.

135 3201 277 3272 Extemplo
291 3215 376 3258 nexus
396 3202 543 3259 combussit
558 3200 664 3256 llamnra
678 3198 791 3263 leroces,

971 475 1050 530 Dilnit
1063 478 1195 546 aequoreis
1208 492 1333 546 mergens
1345 479 1373 532 in
1389 478 1492 548 gurgite
1506 478 1630 548 lyrnpbis.

969 563 1073 630 Accipit
1089 565 1149 644 inde
1162 566 1232 621 latex
1244 581 1306 621 mor
1326 579 1436 622 munera
1451 580 1526 620 sacra
1540 565 1633 622 salutis

970 654 1087 710 Plurima
1101 656 1259 725 quadratum
1273 672 1334 726 onas
1348 671 1418 713 nunc
1432 665 1592 727 sparguntur
1606 658 1634 713 in
1652 658 1755 727 orbern,

970 743 1037 798 llum
1049 746 1139 815 populi
1152 747 1250 817 passim
1265 747 1389 817 baptismi
1404 746 1474 803 dona
1485 756 1639 818 capessunt.

969 830 1014 886 Sic
1029 832 1102 887 lulsit
1116 832 1179 889 lelir
1195 834 1270 905 virgo
1285 835 1402 906 baptista
1417 835 1545 902 ioannes,

969 920 1082 979 Nuntius
1095 935 1122 979 et
1134 922 1240 981 bomini
1254 925 1341 982 dictos
1355 941 1507 998 precursor
1517 929 1545 984 in
1554 942 1652 985 avom.

968 1011 1053 1079 Quem
1063 1013 1226 1084 genuitsero
1236 1016 1319 1087 patris
1338 1016 1488 1074 veneranda
1503 1033 1630 1091 propago,

968 1101 1095 1169 Quamuis
1110 1102 1224 1161 lecnndo
1245 1109 1374 1164 caruisset
1387 1123 1500 1179 corpore
1514 1118 1608 1176 mater,

969 1188 1141 1245 iamdudum
1153 1200 1182 1247 et
1205 1192 1291 1248 sterili
1304 1194 1399 1250 matris
1415 1197 1565 1265 algesceret
1578 1198 1649 1253 also.

968 1277 1063 1334 Nullus
1073 1289 1132 1335 erat
1145 1281 1231 1351 potior
1242 1282 1365 1339 muliebri
1381 1283 1483 1341 viscere
1502 1294 1582 1342 notus

968 1369 999 1424 lli
1014 1370 1133 1426 medicus
1147 1371 1248 1440 mnndi,
1260 1373 1350 1445 proles
1363 1383 1489 1446 generata
1502 1374 1648 1441 donaolim

969 1458 1071 1516 idcirco
1085 1460 1201 1516 mundus
1220 1462 1345 1518 mnndum
1358 1462 1416 1519 sine
1432 1464 1492 1519 labe
1502 1463 1581 1532 piacli

969 1548 1071 1615 soluit,
1081 1559 1110 1604 et
1123 1549 1208 1607 laticis
1220 1552 1355 1608 Christum
1371 1553 1421 1609 sub
1434 1552 1543 1611 bomine
1557 1555 1648 1622 tinxit,

968 1639 1081 1696 llnmida
1097 1640 1245 1713 fluctivagis
1261 1654 1412 1700 sacrantem
1427 1644 1525 1700 carnia
1542 1645 1616 1715 ponti

932 1724 956 1784 B
971 1732 1099 1789 Fontibus
1112 1742 1140 1788 et
1152 1732 1242 1789 vitreis
1256 1734 1399 1790 donantem
1423 1751 1532 1793 munera
1546 1744 1648 1807 parim,

972 1824 1038 1879 bom
1053 1825 1134 1879 retuli
1149 1824 1262 1880 redeunt
1272 1825 1367 1881 iterum
1382 1827 1414 1881 ad
1430 1827 1561 1883 cunabula
1577 1829 1647 1884 ritae.

970 1913 1045 1969 lutto
1055 1913 1191 1983 linquente
1202 1913 1258 1971 lieo
1281 1924 1429 1973 torrentum
1444 1931 1578 1973 marmora
1597 1917 1703 1988 glauca,

970 2006 1010 2059 dc
1020 2003 1093 2073 ripas
1107 2003 1236 2060 lustrante
1246 2003 1296 2075 piis
1309 2019 1369 2061 cnm
1381 2006 1502 2076 passibus
1514 2006 1611 2073 amnis,

971 2090 1030 2146 Alta
1044 2105 1222 2163 supernorum
1238 2104 1380 2165 patuerunt
1394 2096 1509 2151 claustra
1525 2097 1664 2167 polorum;

971 2183 1082 2241 AEtbera
1096 2184 1166 2242 celsa
1178 2194 1270 2242 tonant
1288 2185 1351 2242 dum
1366 2184 1436 2242 latur
1449 2196 1538 2244 rector
1547 2189 1662 2260 Olympi,

971 2273 1140 2345 conpellans
1154 2277 1273 2333 sobolem
1288 2278 1371 2334 serbo
1381 2287 1503 2335 currente
1513 2294 1560 2350 per
1573 2281 1684 2337 aetbraru

971 2365 1019 2420 llio
1035 2375 1147 2431 esl,ecce
1161 2383 1237 2423 meus
1250 2367 1362 2424 dilectus
1376 2370 1456 2436 lilius,
1472 2370 1540 2436 inllt,

971 2454 1055 2520 Quem
1067 2456 1130 2511 mibi
1145 2459 1305 2528 complacuit
1317 2468 1399 2514 toturn
1415 2477 1527 2533 regnare
1540 2479 1586 2534 por
1596 2464 1698 2520 orbem

971 2544 1083 2601 coalitus
1097 2547 1131 2602 ad
1145 2547 1281 2604 cbristum
1291 2549 1430 2607 descendit
1443 2553 1557 2623 Spiritus
1567 2556 1662 2622 sinsus,

971 2643 1099 2714 Prapetis
1113 2645 1318 2717 adveniensjam
1332 2663 1379 2717 per
1388 2648 1529 2703 simulacra
1544 2649 1675 2705 columbas
1692 2669 1698 2704 :

972 2734 1034 2791 llaec
1046 2736 1104 2792 aris
1115 2735 1216 2792 idcirco
1227 2736 1364 2792 confertur
1376 2735 1492 2792 iturine
1506 2751 1596 2808 sacro,

972 2825 1034 2881 Sola
1048 2837 1120 2883 caret
1132 2827 1257 2898 quioniam
1271 2827 1386 2883 crudelis
1399 2827 1461 2883 lells
1475 2830 1580 2895 reuerti,

972 2919 1072 2973 Caetera
1084 2933 1137 2985 ono
1149 2919 1256 2990 ringens
1274 2919 1456 2974 stomachatur
1469 2928 1553 2974 torma
1569 2920 1722 2987 volucrum,

971 3009 1044 3065 ilitia
1057 3010 1105 3066 sed
1117 3021 1203 3082 gestat
1212 3011 1376 3068 cartdescens
1391 3012 1435 3067 ilia
1449 3027 1561 3082 prmpcs.

973 3100 1088 3157 Plurima
1101 3116 1149 3170 pro
1160 3101 1267 3159 llbrlsto
1280 3103 1382 3173 patiens
1397 3111 1528 3160 tormenta
1545 3104 1687 3175 prophetes

970 3192 1091 3249 Carceris
1105 3192 1222 3248 illuviem
1235 3204 1262 3249 et
1274 3193 1363 3251 lurras
1376 3195 1435 3252 sine
1445 3195 1505 3254 luco
1516 3195 1633 3253 latebras

132 3291 185 3349 Sed
195 3306 273 3349 sacra
285 3304 437 3350 sanctorum
449 3308 502 3348 iton
516 3291 607 3363 qrrioat
619 3291 739 3346 membra
751 3301 881 3354 cremare,
969 3282 1094 3352 Pertulit,
1105 3285 1205 3339 atrocis
1216 3284 1345 3341 damnans
1355 3287 1485 3342 connubia
1502 3285 1582 3358 regis,

132 3384 155 3440 0
169 3386 266 3440 mirum
281 3383 369 3440 dictu!
386 3397 484 3453 pueros
497 3381 567 3454 quod
581 3381 687 3436 bamma
701 3378 810 3449 camini,

132 3475 260 3532 Turribus
273 3475 395 3532 introsuis
410 3474 469 3530 diro
483 3475 533 3530 snb
546 3487 656 3529 carcere
667 3472 748 3529 corit.

132 3565 230 3622 ilerum
244 3566 381 3636 virginitas
401 3566 501 3635 sprevit
512 3573 643 3620 tormenta
659 3577 793 3635 rogorum,

133 3657 304 3714 Scintillonte
323 3657 375 3713 lide
396 3657 460 3712 dnm
475 3655 807 3720 lerreotcordarirorum,

969 3372 1020 3441 Qui
1034 3373 1225 3447 consanguinei
1239 3375 1353 3446 disrupit
1364 3377 1464 3432 loedere
1476 3376 1577 3442 lratrit,

969 3463 1095 3521 Germani
1110 3464 1253 3521 tiralammn
1265 3466 1397 3522 incestans
1409 3467 1466 3522 sine
1474 3466 1534 3538 jure
1551 3476 1679 3522 tororum.

968 3556 1079 3613 Acriter
1091 3557 1190 3614 idcirco
1201 3559 1347 3628 compescit
1362 3572 1427 3616 noce
1440 3566 1598 3630 tyrannum,

969 3646 1027 3701 Non
1044 3657 1164 3702 metuens
1179 3646 1320 3703 furibunda
1336 3648 1410 3703 necis
1426 3657 1556 3705 tormenta
1572 3646 1705 3702 uelanda.

134 3748 254 3817 Angelos
265 3748 404 3818 ignicomis
423 3762 483 3800 nam
497 3755 604 3800 sauctus
618 3744 720 3800 scandit
728 3744 762 3800 ab
775 3743 864 3810 astris,
971 3736 1097 3794 Protinus
1107 3737 1192 3794 cllnso
1207 3739 1357 3794 rubuerunt
1371 3739 1498 3809 sangnine
1512 3738 1611 3804 lances,

135 3835 251 3892 Torrida
264 3850 323 3889 cum
340 3835 436 3905 gelidis
449 3833 544 3889 sedans
558 3834 679 3889 incendia
692 3832 792 3901 llabris,

969 3829 1038 3886 lium
1048 3840 1128 3899 caput
1141 3830 1288 3887 abscissum
1302 3829 1391 3901 populi
1404 3830 1438 3886 ad
1452 3829 1572 3886 concisis
1584 3838 1702 3894 rectam,

133 3926 341 3998 carbonumque
354 3925 449 3997 globos
463 3925 635 3995 exstinguens
649 3924 735 3981 imbre
757 3938 881 3995 superno.
969 3921 1044 3990 Quod
1059 3922 1150 3994 regina
1169 3923 1244 3980 leros
1264 3939 1311 3994 per
1323 3932 1412 3979 natam
1427 3922 1519 3979 lrande
1534 3924 1666 3994 poposcit,

167 4017 222 4075 Sed
235 4014 338 4087 priscos
350 4024 451 4072 tantum
463 4012 511 4070 cur
523 4022 612 4085 patres
624 4013 717 4086 pagins
731 4014 836 4085 prodat,

968 4012 1082 4071 scenica
1097 4013 1215 4084 virgineo
1229 4021 1420 4070 monstrantem
1434 4013 1535 4070 ludicra
1547 4013 1628 4069 saltu.

134 4110 254 4179 lturpida
274 4122 342 4180 quos
355 4107 493 4166 celebrant
516 4116 638 4166 veterum
651 4117 823 4164 monumenta
833 4107 916 4164 libro·
968 4104 1013 4163 Sic
1026 4105 1105 4177 igitur
1114 4104 1249 4162 Christum
1263 4105 1377 4177 signarit
1389 4106 1526 4179 sanguinis
1544 4114 1629 4173 ostro,

760 4198 841 4273 [rursm

134 4291 198 4347 Cum
209 4289 284 4345 rudis
298 4288 434 4361 antiquam
450 4287 585 4361 procellat
598 4290 682 4359 gratia
696 4291 793 4361 legem,

136 4382 255 4440 Salvator
268 4382 386 4438 clemens
400 4398 451 4452 qna
464 4382 561 4438 secula
573 4391 670 4436 cuncta
686 4383 793 4438 bestiti

137 4473 285 4545 Virginibus
299 4482 374 4529 rates
392 4484 447 4529 tum
460 4473 547 4543 primo
560 4473 682 4540 exempla
697 4472 809 4529 ioaurris

134 4564 219 4620 boidin
233 4563 331 4620 aliatim
344 4578 421 4620 sacro
434 4562 583 4634 spiramine
598 4565 702 4635 plenus,

133 4656 179 4722 Qui
191 4657 331 4712 bominum
345 4657 470 4712 obtrusus
480 4656 565 4711 sensit
586 4656 723 4727 genitricis
733 4656 767 4712 ab
781 4656 852 4723 also,

134 4744 231 4816 Pignus
243 4746 371 4802 coelorum
388 4744 466 4800 terris
479 4752 600 4815 gestante
615 4743 707 4799 llaria.

135 4838 181 4894 llic
202 4850 259 4895 erat
273 4838 301 4893 in
311 4841 381 4896 saltu
395 4838 528 4893 silvestria
545 4836 639 4907 pabola
654 4837 741 4892 mellis

134 4929 218 4997 itque
229 4930 392 4984 locustarum
418 4927 549 4982 mandens
562 4926 719 4997 corpuscula
731 4923 811 4998 bugu,

132 5017 235 5073 Cetera
250 5027 380 5072 nectarea
392 5017 555 5086 contempsit
569 5016 669 5074 lercula
683 5032 798 5088 pompae.

134 5106 208 5162 llunc
220 5106 328 5163 Gabriel
347 5106 419 5162 Patri
432 5116 539 5163 sanctus
553 5106 711 5178 predixerat
725 5118 797 5175 ante,

134 5197 237 5255 bestris
251 5198 341 5254 altaris
353 5213 479 5270 promens
488 5200 595 5255 oracula
605 5201 669 5266 rati,

133 5284 307 5343 'lburibulum
320 5296 413 5345 aurato
426 5304 486 5344 curn
505 5288 588 5346 lerret
598 5302 671 5347 sorte
683 5293 791 5349 sacello.

133 5377 185 5433 Sed
195 5391 255 5433 curn
277 5377 344 5435 lorte
358 5378 427 5435 lorel
439 5377 503 5435 ielis
515 5392 664 5450 precursor
677 5380 792 5449 adultus,

133 5466 217 5536 itque
229 5466 378 5537 prophetali
397 5467 453 5534 jam
469 5476 660 5525 maturesceret
669 5482 739 5537 mro,

968 4196 1139 4253 llorrendum
1153 4198 1244 4254 mundi
1258 4198 1434 4255 medicantem
1450 4201 1560 4256 vulnere
1572 4198 1678 4265 rulous,

968 4286 1035 4344 lium
1050 4287 1137 4345 crucis
1150 4289 1177 4345 in
1190 4290 1280 4359 patulo
1300 4304 1458 4359 suspensum
1471 4291 1562 4362 stipite
1570 4304 1664 4362 poeoss

929 4377 1083 4475 „Cogeret
1094 4378 1227 4435 insontem
1242 4378 1368 4436 violentia
1383 4380 1452 4437 lerre
1463 4395 1581 4437 reorum.

968 4469 1014 4525 Sic
1030 4480 1117 4526 tamen
1126 4479 1245 4541 optatam
1257 4482 1397 4528 sensemnt
1408 4471 1488 4528 secla
1499 4471 1611 4529 salutent

868 4567 873 4583 ·
968 4561 1036 4618 bom
1053 4564 1121 4621 bens
1135 4564 1169 4620 ad
1189 4579 1268 4636 sagas
1282 4566 1362 4624 Erebi
1376 4566 1552 4624 descenderet
1563 4568 1678 4632 umbras,

968 4652 1066 4710 Ferrea
1081 4654 1216 4713 rectiora
1232 4657 1362 4713 lractnrus
1375 4658 1465 4713 limina
1480 4659 1574 4722 ralrae,

968 4745 1048 4805 AErea
1064 4749 1343 4818 portarumooassarit
1354 4748 1468 4804 claustra
1483 4758 1628 4813 tetrarum

970 4837 1003 4892 llt
1019 4839 1157 4895 Psalmista
1171 4839 1246 4909 prius
1257 4852 1376 4910 prasaga
1389 4852 1454 4894 voce
1468 4837 1590 4900 canebat,

968 4925 1111 4983 Passurum
1121 4927 1212 4983 mosidi
1227 4941 1351 4998 promens
1366 4926 1481 4981 lucaico
1502 4925 1660 4979 Tonantem.

1003 5018 1129 5075 Promere
1144 5032 1215 5074 nunc
1226 5019 1295 5073 aior
1307 5031 1412 5072 saemm
1422 5030 1547 5071 sermone
1556 5015 1697 5084 ioannem,

966 5109 1224 5178 Quiluitaccubitor
1237 5109 1344 5164 cbristo
1367 5109 1627 5180 gratissimosalmo‚

967 5202 1079 5257 Pectore
1092 5200 1127 5256 de
1136 5213 1214 5255 sacro
1227 5198 1353 5256 sorbebat
1366 5199 1474 5260 domina
1487 5201 1592 5268 doctor,

967 5292 1098 5349 imbribus
1112 5291 1220 5348 aeternis
1238 5291 1333 5348 sitiens
1348 5292 1490 5365 ingurgitat
1504 5293 1611 5358 alrum;

969 5381 1075 5438 Florida
1089 5382 1133 5453 qui
1146 5392 1226 5437 casta
1239 5383 1354 5440 servarit
1367 5393 1486 5454 tempora
1501 5384 1574 5446 rltae,

968 5475 1129 5529 llorrescoos
1145 5476 1248 5544 penitus
1261 5473 1333 5530 latua
1344 5474 1504 5530 commercia
1515 5473 1613 5528 carinis.

132 5554 262 5613 l’radicat
286 5555 430 5612 adrentum
459 5554 558 5614 Cbristi
586 5562 784 5631 paranymphus
797 5563 823 5619 ln
839 5562 914 5628 orbe,
968 5563 1102 5620 Plurimos
1114 5564 1214 5621 idcireo
1227 5564 1372 5635 devulgans
1384 5563 1487 5643 semina
1501 5560 1594 5625 lama,

134 5643 223 5705 Plures
238 5655 617 5707 conserteosuerosermone
643 5660 773 5708 catervas.

970 5655 1100 5711 Virtutum
1114 5670 1205 5712 minor
1219 5656 1301 5711 latum
1316 5654 1463 5712 tremescit
1475 5651 1503 5706 in
1517 5651 1625 5708 orbem.
