3832 6114
136 263 189 320 955

794 265 822 320 S.
845 261 1031 320 ZilCllAlllAE
1053 265 1152 322 llrlPAE

1730 268 1785 327 aba

136 352 212 436 catus
221 375 346 431 ordinem
360 373 543 443 peccauerint,
558 387 610 429 mm
626 374 725 430 debere
737 389 808 430 cosa
821 375 929 445 proprio
946 371 968 432 Α
984 372 1054 430 torte
1066 374 1228 446 susceperit,
1252 373 1325 430 uelat
1349 374 1477 445 magister
1501 372 1697 444 inquietudinis
1710 391 1788 435 com-

138 468 277 539 proposito
292 464 412 519 deviare.
424 465 475 517 Ant
488 465 559 518 enim
574 464 646 519 sicut
657 467 682 518 in
695 465 859 520 monasterio
871 465 930 533 init,

135 571 161 614 et
177 558 248 628 qood
265 555 309 609 din
322 557 449 621 servavit,
467 555 492 609 in
507 554 613 610 meliori
628 556 713 624 prado
736 554 838 624 positus
853 554 932 608 amit-

137 660 194 705 tere
210 663 262 703 non
278 648 358 703 debet
375 666 381 701 ι
399 658 444 701 εει
459 649 482 702 εἰ
497 656 639 716 corruptus
653 658 746 716 postea
769 647 930 717 baptizatus,

137 751 164 796 ct
180 741 205 796 in
220 738 383 794 monasterio
398 740 496 794 sedens
512 738 545 792 ad
559 738 703 794 clericatus
718 738 840 794 ordinem
855 752 933 794 acce-

137 834 200 887 dere
215 832 344 895 volucrit,
360 846 471 885 uxorem
497 829 606 886 omnino
628 830 729 885 trabere
754 845 807 886 non
832 838 931 898 potest,

137 925 197 994 qnia
214 935 263 978 nee
276 923 396 978 benedici
412 938 472 976 cum
496 937 595 991 sponsa
607 931 697 993 potest
708 922 763 991 jam
779 931 856 976 antea
870 936 932 976 eor·

139 1026 242 1086 raptos.
256 1016 320 1083 Qnm
337 1015 421 1068 irrrnra
434 1024 556 1070 seruatur
571 1014 597 1068 in
612 1013 727 1081 clericis,
743 1013 859 1068 maxime
871 1027 931 1068 cum

138 1116 216 1161 retus
231 1107 322 1176 regula
338 1105 388 1159 boc
403 1104 512 1169 lrabeat,
527 1105 678 1174 utquisque
693 1115 836 1174 corruptus
847 1103 933 1170 bapti·

138 1208 214 1250 zatrrs
230 1195 346 1250 clericus
361 1209 422 1248 csse
443 1194 582 1261 noluisset,
608 1193 753 1266 sponderet
772 1210 802 1251 se
822 1209 931 1250 uxorem

138 1288 249 1341 omnino
266 1300 318 1338 non
332 1284 441 1339 (lucere.

176 1378 245 1433 xlv.
267 1378 344 1445 erod
370 1377 521 1447 presbyteri
542 1387 586 1432 ant
603 1378 721 1441 diaconi,
746 1380 768 1433 si
796 1378 822 1432 in
844 1378 933 1448 aliquo

139 1472 251 1529 crimine
263 1470 382 1542 prolapsi
392 1470 501 1537 inerint,
510 1485 564 1524 non
575 1471 679 1541 possint
688 1486 734 1539 per
743 1485 836 1525 manus
848 1471 934 1539 impu-

138 1568 264 1624 sitioncm
277 1564 444 1635 poerritentim
465 1564 614 1618 remedium
630 1562 768 1632 consequi,
787 1563 812 1615 in
824 1560 934 1614 decreto

143 1658 214 1714 beati
230 1657 327 1713 Leonis
349 1671 424 1727 papae
448 1653 564 1723 capitulo
590 1651 624 1708 to
648 1653 784 1708 decretum
808 1661 850 1707 est
875 1651 932 1705 ita:

987 466 1114 522 munione
1129 468 1258 534 privetur.

1024 553 1118 610 livill.
1134 555 1186 623 Qui
1211 557 1303 612 cleriei
1331 570 1429 612 uxores
1453 557 1546 612 sortiri
1561 557 1688 623 debcant,
1702 561 1730 616 in
1751 562 1787 621 tt

984 645 1071 714 capite
1090 650 1225 701 canonum
1252 655 1405 702 sanctorum
1437 647 1620 716 apostolorum
1645 649 1786 710 decretu·

984 741 1027 790 εει
1043 752 1049 787 :
1063 733 1183 805 lnnnptis
1198 745 1298 801 autern,
1314 737 1358 805 qui
1383 736 1417 792 ad
1441 736 1544 791 clerum
1562 741 1682 807 provecti
1706 753 1783 808 aunt,

986 825 1168 895 precipimus,
1185 837 1214 881 ut
1239 829 1263 883 si
1288 827 1425 883 coluerint
1450 844 1547 885 uxores
1569 831 1714 903 accipiant,
1735 836 1786 891 sed

985 912 1101 970 lectores
1115 925 1293 984 cantoresque
1308 917 1502 973 tantummodo.

1021 1005 1094 1062 xlx.
1119 1008 1154 1063 Ut
1168 1008 1258 1063 nullus
1269 1009 1423 1080 presbyter,
1436 1011 1628 1081 antdiaconns,
1640 1013 1787 1072 sinerum-

985 1099 1151 1156 mendatitiis
1166 1102 1289 1170 epistolis
1312 1104 1487 1173 srrscipiatur,
1512 1105 1537 1159 in
1558 1107 1652 1163 eodem
1677 1123 1786 1166 canone

985 1201 1141 1247 sanctorum
1153 1191 1336 1263 apostoloram
1350 1196 1504 1251 continetur
1519 1199 1786 1270 :Nullusepiscopm

985 1298 1044 1337 rum
1061 1283 1277 1354 peregrinorum,
1303 1294 1350 1338 aut
1377 1285 1609 1356 presbyterorum,
1622 1302 1673 1344 scu
1687 1289 1785 1345 diaco·

985 1378 1095 1441 norum,
1108 1376 1167 1431 sine
1179 1377 1408 1433 commendatitiis
1421 1378 1582 1450 suscipiatur
1595 1381 1718 1451 epistolis
1735 1401 1742 1438 :
1758 1392 1788 1440 ει

985 1483 1047 1522 cnm
1059 1468 1160 1537 scripta
1173 1469 1330 1537 detulerint,
1346 1470 1526 1528 discutiantur
1545 1477 1684 1541 attentius,
1704 1477 1787 1532 etita

985 1560 1177 1631 suscipiantur,
1192 1562 1214 1618 si
1230 1562 1423 1632 praedicatores
1437 1565 1544 1634 pietatis
1558 1566 1709 1622 exstiterint
1722 1582 1731 1621 a
1743 1566 1787 1622 siu

986 1652 1086 1719 minus,
1100 1668 1188 1732 neque
1200 1653 1353 1708 necessaria
1369 1654 1606 1712 subministrentur
1629 1658 1681 1724 eis,
1701 1666 1732 1714 et
1750 1659 1787 1714 ad

145 1753 269 1808 Alienum
283 1759 323 1806 εει
338 1764 353 1803 a
369 1746 564 1803 consuetudine
580 1744 772 1811 ecclesiastica,
794 1752 824 1796 ut
837 1743 882 1812 qui
907 1745 933 1794 in
950 1738 1205 1799 Bounimunionem
1219 1744 1376 1800 nullatenus
1399 1745 1585 1817 admittantur,
1599 1748 1661 1820 quia
1679 1764 1694 1805 a
1715 1765 1788 1807 sur-

144 1843 323 1917 presbyterali
338 1846 450 1907 bonore,
464 1850 508 1894 εει
530 1839 636 1895 diaconi
655 1838 739 1907 gradu
755 1835 856 1892 inerint
870 1849 935 1890 con-

146 1936 253 1999 secrati,
270 1934 297 1988 bi
312 1949 360 2003 pro
370 1932 482 1988 crimine
497 1930 587 2002 aliquo
602 1945 651 1984 suo
664 1934 712 1998 pei
736 1940 832 1980 nranns
845 1924 932 1993 impe·

146 2027 272 2082 sitioncm
283 2024 430 2080 remedium
443 2023 576 2094 accipiant
588 2018 752 2093 'poenitendi
776 2016 853 2083 Quod
876 2015 935 2070 sine

143 2117 225 2174 dubio
236 2133 268 2172 err
281 2117 428 2186 apostolica
451 2114 594 2170 traditione
620 2110 770 2178 descendit,
786 2107 934 2164 secundum

146 2209 215 2280 quod
230 2209 361 2278 scriptum
375 2218 417 2263 est
430 2226 436 2261 ι
450 2207 579 2263 Sacerdos
588 2206 610 2260 si
626 2204 774 2272 prccoierit,
785 2202 842 2274 qaia
853 2200 936 2255 orabit

143 2317 191 2371 pro
205 2300 251 2354 illo
265 2299 292 2371 (l
309 2299 373 2369 lth.
391 2297 439 2370 n)?
454 2299 529 2354 Unde
550 2297 703 2367 hujusmodi
725 2295 807 2366 lapsis
819 2294 853 2349 ad
871 2307 935 2363 pro·

142 2389 298 2446 merendam
315 2388 525 2446 misericordiam
541 2387 589 2442 Ilei
604 2397 708 2442 secreta
723 2394 765 2442 εει
784 2385 936 2455 expetenda

140 2483 269 2550 secessio,
284 2481 329 2537 ubi
345 2482 398 2537 illis
424 2480 572 2538 satisfactio
598 2479 678 2535 luerit
702 2478 780 2550 diqnn
804 2488 832 2535 ει
852 2480 935 2535 etiam

142 2572 288 2629 fructuosa.

178 2664 237 2719 XV.
253 2664 304 2718 Pro
321 2679 354 2719 co
377 2664 448 2734 quod
469 2664 662 2733 interrogatum
683 2671 725 2718 est
746 2663 780 2718 de
803 2663 877 2718 laicis
890 2663 935 2733 qnl

142 2752 273 2810 eeclesias
283 2753 309 2806 in
324 2754 380 2808 suis
392 2753 600 2824 proprietatibus
615 2763 786 2822 construunt,
796 2756 936 2826 quisipsas

142 2841 239 2898 debeat
254 2856 359 2911 regere,
376 2851 421 2897 ant
435 2843 602 2912 gubernare;
617 2856 631 2895 a
644 2845 744 2899 sanctis
759 2844 883 2899 Patribus
899 2844 936 2898 ita

143 2945 274 2991 statutum
288 2944 340 3001 est,
354 2946 380 2993 et
396 2936 421 2991 in
436 2937 578 3008 praeceptis
595 2938 749 3008 apostolicis
761 2938 801 2993 sic
811 2935 933 2993 contine-

144 3038 197 3097 tur,
220 3031 296 3101 Jnrta
324 3031 446 3102 petitoris
468 3031 647 3100 imploraturn,
674 3040 705 3086 ut
733 3031 756 3087 si
778 3032 804 3086 in
817 3029 937 3102 quolibet

142 3123 226 3179 iundo
250 3125 433 3194 cujuscunque
464 3124 532 3193 iuris
560 3125 708 3179 oratorium
742 3125 798 3179 sira
824 3122 934 3179 basilica

145 3216 225 3272 inerit
246 3226 413 3284 constructa,
438 3234 486 3289 pro
510 3219 569 3288 ejus
588 3221 730 3275 deuotione
752 3220 778 3274 ln
804 3220 934 3277 bonorem

146 3308 329 3381 crrjuscunqne
343 3310 439 3377 sancti,
455 3311 480 3365 in
505 3311 707 3383 cuinsopiscopi
719 3313 843 3380 parocbia
856 3311 937 3369 luerit

143 3399 453 3468 lundatumoratorium‚
484 3411 608 3471 percepta
638 3403 760 3472 primitus
790 3402 937 3458 donatione

144 3494 273 3565 legitima,
289 3494 315 3549 id
328 3506 370 3551 εει
383 3504 527 3564 praestante
546 3503 595 3560 tot,
614 3496 750 3566 gestisque
765 3495 936 3564 rriurrichali·

145 3586 196 3642 bus
220 3587 340 3656 alligata,
364 3587 521 3656 pradictum
550 3588 699 3642 oratorium
723 3586 824 3657 ebeqne
848 3586 937 3643 missis

143 3677 257 3746 publicis
270 3677 426 3734 solemniter
436 3678 603 3734 consecrabit
616 3696 623 3731 :
635 3680 670 3734 ita
686 3688 714 3733 ει
723 3679 749 3733 in
760 3679 854 3734 codem
864 3679 935 3748 loco,

144 3785 194 3827 nec
209 3770 305 3826 laturis
322 3773 488 3842 temporibus
503 3771 659 3843 baptisteria
670 3781 870 3838 construantur,
888 3789 937 3831 nec

144 3864 284 3935 presbyter
299 3865 477 3920 constituatur
492 3863 636 3920 cardinalis
656 3865 725 3921 :sed
748 3876 776 3922 ει
802 3866 825 3921 si
842 3866 937 3922 missas

146 3957 181 4011 ibi
193 3957 281 4012 lacere
293 3956 448 4024 maluerint,
457 3956 626 4026 abepiscopo
637 3958 742 4012 nociter
751 3957 936 4027 presbyterum

144 4048 344 4117 postulandum,
354 4057 485 4117 quatenus
494 4047 559 4102 nilril
569 4063 583 4102 a
592 4048 711 4116 quolibet
725 4049 778 4103 alio
792 4050 936 4106 sacerdote

145 4137 278 4194 ullatenus
292 4144 480 4207 presumatur,
505 4137 555 4190 nisi
580 4137 614 4190 ab
629 4137 756 4208 episcopo
770 4136 850 4194 luerit
863 4141 937 4198 ordi·

143 4235 242 4281 rnatum.

180 4314 250 4369 xvi.
267 4314 305 4368 lle
317 4315 423 4370 clericis
437 4332 481 4385 qur
497 4319 618 4388 proprias
631 4321 759 4378 ecclesias
770 4324 934 4396 relinquunt,

987 1835 1112 1904 raptione
1125 1835 1207 1888 multa
1220 1837 1388 1905 proveniunt.

1025 1924 1084 1980 xx.
1108 1925 1146 1980 [te
1158 1927 1306 1996 uirginibus
1321 1927 1427 1992 uelatis,
1443 1928 1465 1984 si
1481 1928 1659 2002 deviaverint,
1671 1932 1738 2004 quid
1753 1932 1791 1993 de

987 2016 1185 2089 illisagendum
1210 2018 1256 2087 sit,
1281 2020 1306 2075 in
1334 2021 1404 2077 libro
1427 2023 1598 2080 decretorem
1614 2027 1687 2083 beati
1702 2026 1789 2086 lnnn-

985 2108 1070 2164 centii
1095 2124 1170 2180 papae
1192 2112 1308 2181 capitulo
1324 2112 1356 2169 la
1370 2124 1503 2170 assertum
1518 2125 1558 2172 cst
1574 2135 1581 2171 ι
1598 2118 1663 2187 Qua
1678 2119 1791 2179 Cirristo

987 2199 1145 2270 spiritaliter
1157 2201 1273 2268 nabunt,
1291 2212 1318 2258 et
1332 2218 1346 2256 a
1362 2206 1503 2262 sacerdote
1514 2209 1646 2279 velantur,
1657 2213 1682 2267 si
1693 2224 1790 2282 postca

988 2294 1030 2348 rel
1055 2293 1161 2363 publice
1188 2298 1336 2364 nupserint,
1355 2299 1398 2354 rel
1412 2314 1442 2355 se
1456 2301 1578 2358 clanculo
1599 2309 1789 2381 corruperint,

987 2400 1041 2441 non
1056 2401 1102 2442 eas
1117 2388 1297 2444 admittendas
1309 2405 1369 2445 esse
1390 2391 1423 2447 ad
1439 2395 1568 2465 agendam
1585 2399 1788 2469 poenitentiam,

987 2481 1039 2535 nisi
1055 2481 1088 2546 is,
1104 2481 1147 2536 cui
1169 2482 1367 2551 sejunxerant,
1395 2487 1428 2542 de
1455 2490 1555 2545 mundo
1579 2496 1739 2552 recesserit.
1759 2497 1789 2555 ἓ

987 2570 1060 2625 onim
1075 2572 1109 2626 de
1132 2570 1285 2628 bominibus
1309 2574 1367 2630 bace
1395 2580 1463 2633 ratio
1485 2566 1646 2648 custoditur,
1662 2593 1694 2640 ut
1711 2601 1790 2656 quae·

987 2676 1092 2731 cunque
1121 2662 1227 2718 uiuente
1249 2664 1307 2720 niro
1336 2667 1412 2723 alteri
1429 2672 1550 2737 nupserit
1565 2671 1790 2733 lrabeaturadul·

988 2760 1056 2817 tera,
1074 2767 1123 2809 nee
1138 2753 1179 2811 eis
1190 2755 1301 2826 aqerrdce
1316 2759 1481 2827 poerritentim
1491 2755 1597 2819 licentia
1607 2767 1789 2838 concedatur,

988 2843 1040 2899 nisi
1051 2859 1120 2900 nnus
1133 2860 1166 2901 ex
1183 2845 1224 2901 bis
1236 2847 1316 2902 inerit
1327 2848 1478 2918 deiunctus,
1492 2863 1590 2922 quanto
1600 2858 1684 2927 magis
1694 2857 1732 2914 de
1740 2858 1789 2916 illa

987 2939 1103 2995 tenenda
1130 2950 1182 3007 cst,
1206 2956 1266 3011 quae
1293 2954 1357 3000 ante
1383 2942 1573 3004 immortalite
1594 2963 1694 3019 sponsa
1712 2966 1786 3007 con·

986 3030 1125 3102 junxerat,
1142 3042 1169 3088 ct
1194 3041 1286 3103 postca
1311 3035 1344 3090 ad
1370 3036 1500 3094 liumanas
1525 3038 1628 3108 nuptias
1653 3043 1789 3100 transmi-

952 3104 974 3166 C
988 3125 1094 3193 grariti

1022 3211 1094 3270 lixi.
1114 3217 1178 3272 ltcrn
1195 3217 1229 3273 de
1244 3232 1297 3272 non
1313 3219 1409 3274 velatis
1430 3220 1588 3293 virginibus,
1611 3221 1633 3278 si
1655 3220 1790 3282 deniare·

987 3308 1051 3374 rint,
1070 3308 1096 3362 in
1112 3309 1207 3364 codem
1225 3311 1292 3367 libro
1313 3313 1402 3381 capite
1423 3313 1457 3369 ld
1472 3315 1643 3369 continetur:
1657 3312 1704 3370 lle
1718 3331 1790 3373 reru

987 3413 1046 3468 qua
1058 3399 1171 3453 necdum
1180 3415 1257 3456 sacro
1268 3402 1400 3459 velamine
1409 3412 1593 3470 tectm,tamen
1605 3406 1632 3462 in
1643 3409 1789 3478 proposito

989 3489 1113 3560 virginali
1128 3506 1237 3562 semper
1256 3508 1285 3549 se
1299 3495 1494 3552 simulaverunt
1519 3513 1695 3570 permanere;
1720 3500 1789 3559 licet

988 3583 1083 3639 velatae
1107 3600 1161 3640 non
1188 3586 1300 3655 luerint,
1317 3588 1341 3642 si
1365 3588 1434 3646 lorte
1456 3595 1606 3663 nupserint,
1622 3591 1787 3665 bisaqeuda

987 3673 1127 3742 aliquanto
1138 3685 1259 3747 tempore
1271 3680 1430 3749 poenitentia
1439 3691 1489 3748 εει,
1498 3683 1558 3753 qula
1569 3685 1786 3754 sponsioearucn

987 3763 1132 3819 abomino
1147 3767 1300 3823 tenebatur.
1323 3768 1352 3825 si
1376 3771 1448 3825 enim
1473 3772 1543 3827 inter
1565 3773 1690 3831 lrominos
1713 3775 1791 3833 solet

988 3852 1066 3908 bonae
1080 3854 1141 3909 lidei
1157 3866 1315 3913 contractus
1329 3858 1401 3912 nnlla
1427 3861 1530 3916 ratione
1545 3861 1668 3934 dissolri,
1682 3878 1789 3935 quanto

988 3947 1073 4017 magis
1088 3948 1137 4003 ista
1151 3951 1319 4019 pollicitatio,
1333 3967 1412 4021 quarn
1428 3968 1488 4009 cum
1505 3954 1560 4010 beo
1580 3958 1695 4030 pepigit,
1714 3959 1788 4016 solvi

987 4039 1047 4094 sine
1061 4041 1177 4096 uiridium
1192 4058 1247 4097 non
1264 4046 1375 4114 poterit!
1393 4045 1458 4100 b'arn
1471 4048 1492 4100 si
1514 4051 1654 4117 apiostolus
1670 4050 1789 4122 Paulus,

987 4143 1048 4198 qum
1063 4144 1077 4181 a
1092 4132 1232 4200 proposito
1258 4133 1395 4190 viduitatis
1420 4136 1610 4207 discesserant,
1640 4142 1709 4198 aiiii
1740 4159 1789 4202 cu

988 4219 1087 4277 lrabere
1110 4222 1321 4292 damnationem,
1347 4242 1407 4298 quas
1434 4231 1546 4299 primam
1572 4232 1654 4289 sideru
1680 4235 1789 4295 irritam

987 4311 1120 4378 lecerunt,
1134 4326 1233 4384 quanto
1249 4320 1338 4387 potius
1350 4321 1467 4390 virgines
1479 4338 1538 4392 quae
1551 4323 1650 4393 prioris
1665 4332 1789 4397 promit·

144 4406 206 4476 qnid
220 4406 255 4461 de
265 4406 304 4460 eis
318 4405 360 4477 agi
371 4407 478 4474 debeat,
494 4424 526 4466 ex
543 4426 648 4469 canone
660 4423 814 4472 sanctorum
830 4430 934 4487 aposto·
951 4405 1069 4508 0⁵l⁰¹¹l⁸
1082 4405 1160 4460 fldem
1177 4405 1301 4478 frangore
1311 4419 1373 4464 ⁸⁰⁰²
1384 4413 1506 4468 ⁰⁰¹¹³l³22

144 4498 228 4594 lorum
245 4498 361 4567 capitulo
377 4496 411 4552 15
426 4500 461 4554 ita
476 4503 687 4562 contineturcsi
708 4511 768 4578 quis
782 4512 933 4585 prebyter,
1023 4515 1106 4570 xxti.
1124 4517 1163 4574 De
1186 4517 1228 4575 lris
1251 4535 1311 4590 quac
1333 4522 1438 4580 duobus
1462 4526 1591 4586 iratribus
1611 4544 1788 4605 nupserunt,

143 4590 340 4656 arcidiaconus,
365 4601 411 4645 aut
439 4594 550 4661 quilibet
579 4597 612 4652 de
632 4615 744 4656 numero
762 4603 933 4671 clericorum,
988 4608 1030 4666 rel
1045 4612 1088 4679 qui
1104 4612 1170 4667 duas
1194 4627 1302 4668 sorores
1318 4618 1484 4684 acceperint,
1499 4620 1526 4674 in
1540 4621 1657 4679 concilio
1670 4624 1791 4685 acoen-

143 4684 296 4755 relinqnens
309 4688 444 4755 propriam
457 4689 613 4758 parochiam
631 4702 725 4764 pergat
748 4695 781 4749 ad
807 4697 933 4762 alienam,
987 4704 1102 4760 auriensi
1125 4704 1243 4774 capitulo
1263 4707 1293 4761 ll
1316 4710 1470 4764 continetur
1486 4729 1492 4764 :
1509 4712 1605 4768 blulicr
1624 4715 1650 4770 si
1675 4718 1789 4776 duobus

141 4787 169 4833 et
183 4778 293 4833 omnino
307 4778 459 4849 demigrans
473 4792 570 4851 praeter
592 4784 711 4855 episcopi
733 4787 775 4842 sui
790 4790 934 4845 conscicn-

144 4870 208 4924 tiam
222 4866 249 4924 in
266 4870 353 4924 aliena
369 4872 496 4940 parocbia
507 4883 699 4943 commoretur,
726 4875 797 4931 irone
822 4879 934 4934 ulterius

144 4963 298 5020 nrinistrare
323 4979 375 5016 non
402 4965 553 5033 patiamur:
571 4966 704 5035 praciprrc
726 4968 748 5022 si
773 4978 881 5026 vocatus
900 4971 934 5025 ab

143 5057 270 5129 episcopo
299 5058 388 5112 redire
411 5061 615 5128 contempserit,
636 5060 662 5112 in
678 5074 724 5114 sua
750 5061 934 5132 inquietudine

143 5164 332 5222 perseuerans.
344 5149 535 5207 Verumtamen
564 5159 688 5222 tanquam
704 5153 788 5210 laicus
804 5157 839 5210 ibi
854 5171 933 5212 corrr-

142 5243 270 5299 municet.

180 5336 262 5393 Xl'll.
291 5335 356 5391 ltcm
384 5351 432 5406 pro
454 5339 589 5407 episcopis
613 5340 657 5409 qui
684 5342 795 5399 alterins
820 5345 933 5402 clericos

141 5426 321 5496 susceperim,
336 5434 367 5479 ut
382 5429 657 5497 excommunicentur,
673 5431 700 5486 in
723 5434 818 5490 eodem
829 5451 933 5492 camme

143 5521 261 5590 capitulo
277 5519 311 5573 ld
327 5519 500 5574 continetur:
518 5520 666 5592 Episcopus
682 5541 755 5592 verri,
768 5530 837 5598 apud
853 5546 932 5599 quern

144 5622 305 5665 memoratos
318 5625 378 5666 csse
392 5614 551 5679 constiterit,
579 5617 602 5672 si
627 5627 717 5674 contra
738 5635 785 5677 eos
798 5623 931 5681 decretam

142 5705 321 5758 cessationem
339 5721 385 5774 pro
401 5706 483 5762 nibilo
505 5717 642 5779 reprrtans,
670 5722 794 5782 tanquam
819 5716 931 5771 clericos

987 4793 1115 4850 iratribus
1131 4799 1262 4865 nupserit,
1279 4797 1420 4867 abjiciatur
1435 4803 1568 4870 usquead
1583 4815 1716 4864 mortem.
1734 4809 1790 4868 ie·

989 4896 1140 4942 rumtamen
1167 4888 1193 4940 in
1208 4888 1294 4952 exitu,
1311 4899 1421 4959 propter
1435 4892 1697 4964 miscricordiam,si
1721 4917 1788 4972 pro·

987 4980 1091 5035 miserit
1112 4980 1184 5049 qnod
1211 4982 1281 5035 iacta
1307 4983 1449 5039 incolumis
1474 4986 1554 5057 liujus
1578 4992 1788 5061 conjunctiunlt

985 5072 1092 5128 vincula
1108 5072 1256 5139 dissolvat,
1271 5072 1388 5130 inactum
1405 5078 1573 5146 poenitentia
1586 5097 1786 5156 carnsoquatur.

985 5164 1099 5231 Quodsi
1124 5163 1252 5220 deiecerit
1268 5168 1364 5223 mulier
1378 5178 1424 5223 ant
1439 5171 1479 5225 tir
1494 5171 1521 5226 in
1537 5174 1636 5231 talibus
1663 5180 1785 5255 nuptiis,

984 5258 1102 5314 diflicilia
1116 5259 1168 5313 erit
1183 5260 1339 5326 poerritcntia
1354 5259 1381 5315 in
1396 5262 1450 5317 rita
1467 5267 1645 5331 permanenti.
1659 5270 1718 5328 llos
1734 5288 1787 5331 arr·

987 5361 1052 5419 tem,
1067 5350 1149 5420 gratia
1165 5350 1256 5406 divina
1267 5352 1440 5424 suffragante,
1454 5354 1531 5424 juata
1547 5359 1786 5427 predecessorum

986 5453 1014 5499 ει
1028 5451 1229 5498 antecessorum
1246 5442 1402 5510 pontificum
1424 5445 1543 5512 decreta,
1562 5449 1650 5507 multo
1664 5458 1786 5526 amplius

985 5535 1176 5591 cnrrlrrmantes
1200 5534 1314 5591 dicimus
1328 5546 1356 5591 ot
1371 5539 1433 5593 darn
1458 5553 1544 5610 usqne
1557 5555 1619 5599 sesa
1637 5552 1786 5616 generatio

984 5628 1155 5693 coqrrorerir,
1169 5627 1246 5697 juxta
1269 5627 1348 5682 ritum
1369 5639 1396 5684 et
1421 5645 1541 5686 normam
1566 5633 1785 5698 Christianitatis

984 5729 1011 5774 et
1026 5718 1166 5788 roligionis
1182 5719 1375 5789 llotnnnurnm,
1391 5737 1444 5778 non
1468 5725 1611 5794 copuletur
1631 5728 1779 5801 conjrrgils.
