3832 6114
134 253 184 308 317
632 243 770 302 ΝΟΤΙΤΙΑ
783 245 823 302 ltt
841 243 1109 304 coastssttntltt
1130 245 1257 300 Pal’atl.
1723 254 1777 311 318

135 365 219 423 iteum
242 358 327 415 lanies
347 357 416 415 laeta
435 363 479 414 cst
502 370 596 427 maana
622 374 670 429 per
687 375 774 416 nutans
784 370 848 416 tres.
864 360 929 416 bost
943 367 967 426 Α
981 361 1029 414 ut¹
1046 359 1151 415 maluit.
1176 359 1259 430 Crrjus
1280 361 1369 418 cautio
1382 377 1398 417 a
1411 362 1537 433 pontillce
1555 363 1581 419 in
1596 365 1776 424 sacratissima

136 469 203 525 nutis
218 458 291 506 tanta
304 449 355 514 luit
368 449 488 512 ubertas.
504 458 533 505 ιι
543 449 686 505 fertilitatis
701 451 778 521 eopia
790 452 930 521 preteritae
981 450 1148 507 confessione
1160 450 1231 507 beati
1246 450 1316 508 Petri
1331 453 1447 523 apastoli
1460 455 1556 522 pusita,
1573 464 1634 523 post
1644 471 1696 512 nnn
1708 460 1777 513 urul-

135 542 283 603 sterilitatis
295 538 413 608 inopinm
428 540 713 597 oblitionimandaret.
728 550 740 579 ¹
756 540 806 597 llic
821 541 930 598 ordina·
982 552 1024 598 ιιι
1044 543 1103 598 dies
1117 545 1127 575 ¹
1143 552 1221 611 tetra,
1245 555 1273 600 el
1287 547 1363 616 quasi
1377 548 1431 616 lpni
1445 548 1586 603 combusta
1601 558 1710 615 reperta
1720 559 1775 604 est.

136 637 171 692 tit
182 634 297 690 Felicem
312 630 545 700 arcbiepiscnpum
564 630 760 698 Ravennatem,
776 631 822 701 qui
833 645 930 688 secun·
982 631 1048 689 Nam
1070 633 1265 691 Ravennatium
1279 637 1352 694 eires
1380 638 1445 693 elati
1461 637 1588 708 superbit
1603 639 1682 708 digna
1698 638 1777 694 uitio-

136 729 197 782 dum
213 725 332 796 priorum
353 715 591 777 succumbentes
606 721 632 776 in
644 720 745 777 scrinio
759 729 770 758 ι
789 718 876 776 nolnit
889 720 930 779 la·
983 724 1025 779 nis
1050 738 1128 792 piena
1153 728 1256 782 maluti
1282 736 1355 785 sunt.
1381 728 1489 785 blittens
1501 727 1777 799 qnippelustiuianus

136 832 199 873 cere
212 815 363 879 cautiones,
380 810 427 868 red
443 826 490 882 per
503 812 649 882 potentiam
662 811 785 868 iudicum
795 811 931 881 exposuit,
985 814 1131 885 imperator
1155 815 1326 874 Theodorum
1341 819 1493 890 patricium,
1507 828 1534 876 el
1547 819 1557 851 ⁸
1568 820 1684 890 primum
1695 832 1776 877 eser-

745 925 941 984 tautanius
960 927 1162 989 tacueritis.

172 1055 181 1087 ¹
197 1048 265 1105 lind.
279 1048 357 1112 Luc„
369 1043 460 1106 saluit·
475 1041 523 1107 ab,
538 1040 630 1106 otlait;
646 1040 729 1096 Labb.
741 1051 768 1096 ιι
781 1040 874 1109 illusi,
890 1043 931 1096 in·
1022 1046 1032 1076 ¹
1046 1046 1085 1100 al.
1101 1061 1155 1100 ont.
1171 1056 1243 1102 tetre.

139 1125 211 1178 aluit.
624 1164 627 1168 .
1023 1114 1110 1169 ⁸lind.
1127 1117 1201 1183 Luc„
1216 1117 1397 1188 parisiacensium
1411 1116 1459 1184 al..
1472 1118 1579 1188 primos.

797 1221 978 1279 t¹stt101ltltt
999 1222 1114 1280 butte.

140 1365 154 1403 a
168 1347 212 1403 die
225 1340 402 1398 ordinationis
414 1339 450 1394 25
465 1338 552 1393 llartii
562 1338 625 1392 anni
638 1335 691 1390 'le
701 1337 735 1391 ad
744 1337 933 1400 emortualem.
988 1337 1095 1402 bantur,
1110 1341 1180 1410 qrrod
1192 1341 1287 1396 saltem
1306 1338 1339 1394 ad
1350 1354 1442 1394 eorum
1455 1339 1660 1406 ordinationem,
1676 1352 1702 1398 et
1710 1342 1773 1414 jura

140 1435 187 1475 seu
211 1414 399 1483 depositionis,
423 1411 439 1465 9
467 1409 552 1477 April.
574 1408 639 1463 tls.
656 1405 776 1460 Aliorum
789 1405 873 1461 Codd.
889 1409 933 1476 qui
990 1409 1118 1464 Ecclesiae
1134 1411 1270 1474 llnnranm,
1287 1421 1411 1477 tanquam
1422 1410 1775 1480 patriarcbalisOccidenlit.

140 1494 231 1554 empto
254 1485 281 1539 in
305 1496 398 1537 errore
413 1481 571 1549 persistunt,
586 1486 614 1534 ιι
629 1485 742 1530 mertem
756 1475 890 1544 pontidcis
901 1478 935 1532 ad
989 1478 1148 1547 pertinebat.
1172 1481 1229 1547 Qua
1254 1481 1280 1537 in
1297 1494 1326 1535 re
1337 1479 1407 1534 ltaud
1420 1480 1501 1533 dubie
1514 1482 1709 1537 mmulabantur
1722 1487 1776 1539 llu-

141 1559 240 1615 multos
255 1565 362 1609 menses
383 1551 543 1619 producunt.
558 1545 728 1601 manifestam
742 1546 935 1602 contradictiu-
988 1549 1105 1618 plitanos
1130 1566 1169 1605 ari
1179 1551 1357 1620 biepiscepos,
1382 1551 1426 1616 nui
1439 1549 1544 1604 tandem
1556 1563 1722 1608 emerserant
1732 1571 1778 1622 pa-

141 1643 200 1685 nem
214 1627 242 1679 in
256 1622 449 1692 exscriptorum
459 1619 612 1674 vecordiam
628 1616 704 1685 rejici
718 1627 843 1684 oportere
854 1615 934 1671 citro·
988 1619 1124 1686 triareltae,
1137 1621 1253 1690 eoquod
1269 1621 1375 1676 illorum
1387 1620 1693 1684 urbsintpcrialissedes
1704 1624 1775 1680 laeta

141 1699 252 1766 nnlopus
277 1692 390 1761 diligens
417 1688 586 1754 observabit,
607 1695 638 1743 nt
657 1686 769 1741 aliorum
784 1695 902 1743 mentem
917 1703 933 1744 e
948 1677 973 1738 Ii
988 1697 1056 1744 erat.
1083 1689 1182 1746 llnrum
1211 1692 1335 1759 exemplo
1360 1689 1608 1745 baterraatensibus
1620 1707 1777 1761 persuasum

141 1777 180 1823 tut
192 1762 352 1834 ambagibus
371 1758 516 1825 alienando
528 1758 652 1814 eductam
668 1756 762 1811 iisdem
774 1757 870 1812 lterum
883 1757 933 1811 ob·
985 1757 1035 1813 luit
1056 1758 1111 1814 lieri
1123 1774 1202 1828 posse
1216 1769 1246 1815 ιι
1256 1760 1318 1831 qnid
1333 1758 1423 1815 simile
1451 1759 1501 1828 ipsi
1516 1761 1598 1817 etiarn
1612 1763 1776 1833 obtinerent,

141 1837 210 1892 silet
221 1849 276 1890 non
290 1845 393 1887 curem.
408 1829 447 1886 De
462 1828 638 1887 constantino
653 1834 742 1882 autem
757 1827 823 1883 satis
836 1827 930 1882 multa.
985 1842 1019 1884 eo
1041 1830 1114 1900 quod
1135 1833 1266 1885 exereitus
1278 1831 1303 1885 in
1315 1831 1382 1885 urbe
1394 1844 1488 1886 eorum
1504 1830 1648 1886 residebat.
1676 1832 1780 1902 Eapro·

140 1906 256 1963 cessus.
986 1908 1045 1967 pter
1068 1899 1286 1970 archiepiscopus
1315 1901 1403 1964 Felix.
1429 1900 1474 1967 otti
1503 1912 1777 1970 marepassuserata

171 1979 202 2032 Ξ.
216 1971 409 2031 constantines.
435 1969 514 2026 Anno
536 1967 601 2032 tut,
626 1966 710 2039 prima
737 1965 832 2022 blarlii.
849 1965 933 2034 ilrrjus
985 1966 1164 2024 Constantine
1175 1970 1301 2040 pontillce
1315 1969 1445 2033 ordinari,
1457 1971 1653 2040 longiusnnam
1667 1987 1777 2029 suerum

143 2044 310 2116 temporibus
341 2042 467 2111 lllspania
493 2039 646 2108 proditione
679 2037 777 2092 iuliani
804 2038 932 2102 conutis,
986 2039 1216 2106 predecessorum
1229 2041 1309 2107 nllus,
1325 2048 1434 2094 tentatae
1444 2040 1658 2108 independentiae
1669 2040 1776 2100 lactarus

142 2125 238 2174 eventu
264 2113 424 2177 miserabili,
451 2112 649 2168 Saracenorum
672 2108 786 2175 imperio
800 2107 933 2160 totasnb·
986 2108 1116 2164 exlendit.
1144 2109 1258 2165 Vixdum
1283 2110 1354 2164 eninr
1376 2108 1458 2162 lioma
1474 2111 1612 2165 ordinatus
1623 2112 1777 2169 Ravennam

140 2188 207 2258 lmen
217 2184 280 2251 luit,
292 2184 361 2238 traud
375 2182 456 2238 dubie
471 2181 602 2249 permissu
614 2179 659 2233 bei
669 2178 791 2242 vindicis,
805 2174 930 2231 Rodetiei
986 2178 1076 2242 rediit,
1102 2179 1196 2249 jugum
1218 2191 1319 2236 sanctas
1338 2179 1410 2233 sedis
1431 2181 1778 2252 excussit,ciresnneprae·
1812 2236 1816 2242 ,

142 2256 279 2313 libidinem
292 2265 319 2308 et
332 2251 437 2308 Witiem
451 2251 547 2320 regisa
562 2249 628 2304 sede
643 2246 788 2328 apostolica
799 2246 933 2301 delectio·
986 2249 1080 2316 cipues
1096 2251 1122 2304 in
1136 2266 1213 2305 sunm
1226 2251 1342 2305 schisma
1355 2248 1492 2316 pertraxit.
1504 2251 1610 2320 lttprolr
1623 2250 1776 2308 inlelicetni

143 2342 201 2382 nem
226 2322 398 2381 vindicantis.
424 2320 489 2377 lide
513 2320 612 2376 baron.
638 2333 702 2375 ann.
733 2317 795 2372 tto.
825 2319 884 2373 btn.
910 2326 935 2372 et
985 2318 1125 2372 andaciam
1149 2320 1219 2388 eius,
1236 2317 1778 2389 maximeiliaullensusimperatur,pro

142 2396 222 2454 ιω,
307 2442 315 2456 ‚
985 2401 1020 2443 eo
1034 2398 1063 2443 ut
1081 2389 1193 2459 inseret,
1216 2392 1311 2460 punire
1323 2388 1491 2444 deliberarit.
1506 2390 1608 2456 Quare,
1624 2391 1707 2448 missu
1723 2392 1778 2447 lta-

174 2465 203 2520 d.
218 2463 413 2521 Constantinus.
425 2459 536 2517 loannis
557 2459 640 2526 dilus,
649 2457 745 2528 Syrus,
758 2456 933 2527 imperatori·
985 2472 1099 2513 sennam
1111 2462 1244 2526 exercitu,
1258 2475 1318 2531 qum
1343 2459 1407 2513 urbs
1430 2458 1528 2512 lr'ustra
1545 2460 1577 2514 ad
1592 2462 1774 2518 resistendum

143 2537 191 2593 bas
205 2534 358 2592 lustirriano
377 2533 485 2604 juniore
503 2539 531 2586 et
546 2527 693 2596 Plrilippico
708 2528 830 2584 bardane
844 2531 934 2599 bugu·
987 2540 1078 2653 Kasara
1094 2539 1160 2593 erat,
1170 2529 1558 2599 captonnearelsieplscopeet
1568 2533 1627 2595 ejus
1641 2534 1773 2598 sectariis,

142 2609 199 2676 stis,
212 2605 283 2662 sedit
295 2617 382 2659 anites
393 2617 451 2666 ιιι,
470 2614 590 2656 mensem
605 2614 698 2663 utinm,
720 2598 780 2653 dies
793 2612 843 2665 ¹¹3
860 2612 936 2654 crea·
1006 2613 1037 2654 us
1051 2600 1141 2655 necari
1156 2599 1245 2662 ussit,
1257 2602 1330 2655 illuns
1347 2613 1410 2655 neto
1423 2599 1547 2654 orbatum
1562 2599 1648 2656 oeulis
1661 2606 1776 2659 damna·

143 2685 184 2732 tas
199 2692 214 2731 s
229 2674 290 2731 ttst.
303 2672 435 2739 tannarii,
451 2677 626 2726 consecratus
641 2684 686 2723 sur
699 2667 937 2730 intulissetis
986 2667 1025 2723 tit
1038 2670 1143 2725 exsilio.
1192 2685 1284 2727 uersa.

144 2746 258 2810 Ιὶιιιίιί,
286 2745 396 2800 ineunte
419 2754 490 2796 anno
513 2740 566 2795 703
577 2753 586 2805 ;
599 2740 650 2794 ιιι
664 2753 717 2809 qtto
730 2739 825 2809 ingens
838 2739 934 2796 latnes.
1022 2737 1149 2795 tsittiie
1174 2743 1201 2795 in
1219 2742 1315 2795 scrinio
1338 2737 1421 2794 uomit
1442 2740 1526 2810 lmese
1543 2740 1682 2796 condones.
1700 2740 1778 2810 apoc

142 2817 294 2873 maenalus.
986 2809 1131 2876 scriptores
1159 2810 1239 2868 medii
1265 2812 1316 2866 aeri
1337 2810 1433 2879 aliquis
1454 2810 1594 2864 dicebatur
1609 2813 1779 2868 contionesiit

174 2895 190 2927 ⁸
203 2887 231 2942 l.
249 2882 375 2940 Felicem.
399 2882 467 2939 blata
493 2880 536 2936 bic
555 2887 678 2936 recenset
704 2879 860 2934 Anastasius
875 2895 935 2950 quae
986 2879 1082 2934 scrinio
1094 2884 1189 2952 secere,
1211 2882 1256 2952 qui
1270 2880 1332 2937 lidei
1346 2892 1372 2936 et
1384 2881 1562 2936 observantie
1574 2896 1630 2936 ιιι
1644 2884 1778 2939 rationem

144 2952 533 3024 baretmatensipopnloillats
548 2949 933 3020 sunt‚quoduescionumdnm
987 2950 1094 3019 seriptis
1120 2964 1276 3020 conceptam
1301 2953 1328 3006 in
1355 2951 1514 3006 tabularium
1535 2951 1679 3008 referebat.
1702 2951 1778 3010 Utrde

143 3028 199 3083 tasi
215 3026 318 3083 luerint
331 3024 483 3079 inconsulto
500 3033 580 3091 atque
596 3029 714 3086 temere,
738 3021 832 3074 retiret
842 3031 970 3111 aulemc
987 3021 1120 3089 cannonis
1145 3037 1255 3084 nomeu.
1270 3037 1349 3092 quam
1365 3021 1549 3076 llanetrnatum
1563 3023 1779 3092 arelriepiscupo·

143 3097 318 3154 rebellionem
340 3092 435 3150 laetam
459 3094 485 3147 in
508 3091 703 3155 liastinianurn,
714 3105 794 3159 quam
806 3090 934 3159 Agnellus
986 3104 1045 3144 rum
1061 3091 1087 3144 in
1101 3106 1206 3148 morem
1223 3092 1298 3148 Felix
1312 3092 1399 3146 noluit
1413 3099 1551 3160 praestare,
1564 3096 1778 3150 noncantiunem

143 3161 244 3235 prolixe
255 3165 350 3232 relert,
364 3177 466 3221 cumea
478 3162 602 3218 decausa
618 3159 691 3216 Felix
703 3160 933 3230 archiepiscopus,
984 3160 1019 3214 de
1041 3163 1154 3228 pecunia
1177 3162 1289 3218 Romam
1304 3162 1444 3229 mittenda,
1466 3170 1496 3216 ut
1509 3175 1649 3232 perperam
1670 3165 1778 3234 qnidam

144 3230 934 3362 blsl‘tlttltdlll'tttltltlttlltritaet·
984 3230 1780 3371 {litteralitltlllltildttttltttblttln

145 3378 211 3445 plior
224 3384 294 3441 crat,
309 3389 370 3441 num
383 3374 411 3428 in
422 3373 523 3428 bitrrno
536 3341 788 3436 Romanobabe’tur,
799 3385 935 3441 quamque
985 3369 1129 3428 Ilsrennas
1151 3373 1266 3428 antistes
1286 3372 1395 3442 jurabm
1406 3343 1520 3428 se'telle
1534 3374 1646 3429 subesse
1658 3374 1781 3430 ltomann

145 3447 220 3502 electi
242 3446 423 3513 metropolitae
445 3441 589 3499 iaciebant.
604 3440 737 3511 amplior,
752 3442 871 3509 inquam,
886 3442 936 3497 luit
985 3441 1115 3511 pontifici,
1127 3443 1227 3499 nedum
1241 3443 1377 3498 cotumuni
1393 3443 1436 3498 illa
1453 3444 1670 3512 reverentiaque
1685 3460 1780 3503 ornnes

147 3514 388 3573 &nannetensium
401 3515 599 3584 episcoporum,
612 3524 673 3566 cum
687 3524 719 3567 ea
734 3510 849 3579 capitula
860 3525 936 3564 corn-
984 3511 1103 3583 episcopi
1119 3514 1306 3577 subsanasse
1320 3514 1430 3580 insuper
1440 3514 1574 3583 precipua
1587 3513 1714 3582 quadani,
1728 3532 1779 3585 qua

147 3587 221 3656 plecti
243 3586 357 3641 deberet
377 3600 436 3655 qnae
456 3584 507 3638 sub
525 3581 617 3637 Leone
630 3581 652 3636 tt
667 3582 831 3636 cortcordata
853 3581 936 3636 luisse
984 3583 1163 3652 metropolitas
1189 3584 1358 3638 Rauennates
1383 3583 1504 3638 llorrtano
1519 3583 1648 3649 pontiflci,
1662 3594 1692 3638 ut
1702 3587 1779 3640 Oecl-

130 3665 282 3711 assescrat
308 3656 380 3710 idem
404 3654 531 3724 agnellus
559 3652 586 3705 in
611 3651 670 3706 llita
686 3650 818 3706 Theodori
831 3651 935 3705 ltaren-
984 3651 1074 3706 dentis
1088 3654 1246 3723 patriarche
1266 3652 1488 3722 subjiciebantur.
1505 3652 1602 3708 subdit
1615 3652 1688 3707 enim
1705 3655 1776 3709 Ana-

147 3726 264 3781 nstensis
283 3741 344 3785 can.
366 3727 396 3790 d,
410 3740 436 3794 p.
455 3723 517 3777 t55.
535 3721 640 3776 Videris
654 3720 828 3776 Baecbinium
839 3720 934 3778 inbo-
984 3723 1082 3776 slasius
1107 3739 1115 3777 ε
1140 3723 1194 3778 sm
1207 3733 1311 3795 propter
1322 3724 1463 3791 potentiam
1471 3722 1592 3790 judicum
1604 3723 1735 3786 exportat,
1747 3731 1777 3777 et

150 3804 251 3852 serrat.
264 3796 298 3849 ad
312 3794 408 3850 Felicis
423 3792 652 3849 transmittam.
668 3792 809 3846 Benenms.
985 3791 1093 3858 ntuluit,·
1108 3792 1159 3847 boc
1169 3804 1211 3848 est
1220 3787 1434 3847 subnixnsF'etix
1444 3792 1562 3858 potentia
1570 3790 1689 3860 iudicum
1699 3805 1779 3845 exar-

180 3862 212 3916 2.
226 3861 279 3916 llic
304 3865 429 3918 ordinarit
451 3862 576 3917 Felicem.
600 3861 660 3932 lpso
679 3859 935 3932 Constantinipapar
988 3860 1093 3927 cbatns,
1122 3863 1164 3916 rel
1187 3863 1269 3917 etiarn
1296 3863 1401 3916 illorum
1417 3861 1536 3930 judicum
1551 3861 1597 3931 qui
1609 3860 1780 3931 imperatoris

149 3931 275 3998 merdin,
303 3931 431 3987 bannitae
452 3932 650 3988 Ravennatensi
672 3926 800 4000 episcopo
813 3941 933 3999 mortuo,
985 3933 1093 3986 natnlne
1107 3931 1199 3986 Rornae
1214 3932 1260 4002 jus
1272 3933 1410 3998 dicebant,
1429 3931 1555 4001 esposuit
1568 3932 1700 3987 arbitratu
1716 3947 1780 4001 ιιι,

150 4002 223 4059 Felix
234 4001 331 4074 ineius
342 4002 430 4058 locum
443 4004 602 4073 subrogatus
613 4012 669 4067 est;
680 4000 857 4071 utillimam.
872 4002 937 4057 lieet
985 4012 1014 4057 ut
1026 4001 1143 4057 libertati
1157 4003 1284 4059 Ecclesia
1298 4003 1464 4060 Ravennatis
1477 4002 1562 4072 magis
1576 4001 1693 4056 larebat.
1708 4002 1778 4058 Gen·

151 4072 296 4154 reluctans,
310 4087 344 4128 ex
359 4085 435 4155 mere
445 4076 645 4154 seeonlerens,
661 4081 691 4126 ut
703 4073 935 4155 consecrationem
985 4085 1033 4128 seo
1057 4073 1182 4159 nimirum
1208 4073 1324 4131 Felicem
1351 4074 1471 4156 notuisse
1492 4075 1519 4128 in
1540 4073 1780 4154 ejnaordinatione

150 4142 937 4294 cattlestilti..¹'‘dt⁵ltlltl.l.l⁰tll·.ltsi
985 4142 1783 4284 llllteribiliteltltllsaltatlis:

150 4296 219 4336 statu
233 4285 416 4356 aucupatione,
430 4300 491 4340 eam
506 4284 626 4352 violavit,
642 4295 699 4339 eta
716 4284 935 4352 sedeapestulica
986 4290 1026 4337 tes
1040 4284 1169 4354 episcopi,
1186 4286 1381 4353 autocephaliae
1392 4294 1641 4354 praetextusemnes
1652 4286 1779 4340 tollentes

149 4364 205 4408 tete
227 4353 374 4409 sebismate
393 4356 490 4410 iterum
517 4354 611 4409 diuisit
634 4370 642 4407 ε
661 4355 737 4422 cujus
763 4353 897 4423 rcigratia
909 4356 935 4409 ln
987 4351 1132 4421 demedio,
1158 4363 1238 4426 atque
1261 4356 1368 4410 illarum
1381 4355 1466 4429 instar
1479 4369 1540 4426 quae
1555 4355 1687 4411 habentur
1702 4357 1729 4409 in
1744 4355 1780 4409 li·

153 4422 234 4490 ipsunt
248 4425 400 4481 concitatus
413 4423 580 4480 lastinianus
595 4423 751 4493 imperator,
763 4423 935 4480 Theodorum
952 4397 975 4459 ⁰
990 4424 1038 4479 bro
1063 4424 1177 4490 biurno;
1197 4424 1246 4480 aed
1257 4427 1311 4481 illis
1322 4424 1356 4479 ali
1377 4425 1421 4479 trid
1435 4425 1582 4493 addidisse,
1602 4435 1648 4479 aut
1664 4425 1781 4482 tortasse

152 4492 289 4572 patricium
303 4509 365 4548 curn
379 4496 504 4550 exercitu
520 4493 675 4549 Ravennam
698 4495 781 4559 misit,
795 4496 935 4564 unl,capta
990 4492 1091 4559 verius,
1103 4494 1137 4550 ab
1151 4496 1202 4550 illis
1213 4496 1321 4551 demere
1334 4441 1448 4550 ιοἹιίιιι
1462 4495 1781 4565 eorumquidpiatn,quar

153 4562 266 4630 caritate,
282 4565 398 4619 rebelles
409 4565 487 4621 bonis
501 4566 635 4632 spoliavit,
645 4564 790 4619 acrinctos
803 4565 937 4621 Comatam
986 4561 1031 4631 jus
1044 4565 1248 4633 patriarchicum
1263 4566 1391 4620 ltoinane
1409 4564 1536 4621 Ecclesia
1550 4579 1630 4634 supra
1644 4567 1779 4620 llaretrnas

154 4631 286 4701 timpolim
314 4635 402 4700 misit;
433 4636 478 4690 ubi
504 4648 592 4690 morte
616 4635 702 4703 puniti
726 4642 799 4700 sunt,
825 4636 937 4704 ipseque
987 4635 1158 4704 metropoli·
1171 4635 1370 4707 exprimebant.
1387 4634 1650 4705 Verumbuiusmodi
1663 4635 1783 4690 cantica

152 4697 222 4757 teus
247 4702 467 4774 archiepiscopus
491 4705 578 4761 oculis
592 4705 722 4774 privatus,
737 4717 769 4759 ac
780 4705 806 4760 in
822 4704 934 4760 Pontum
988 4706 1115 4771 pnnriltce
1142 4706 1170 4761 in
1195 4707 1366 4763 ourrlessione
1381 4706 1451 4762 beati
1465 4707 1536 4762 Petri
1549 4706 1666 4774 apostoli
1681 4705 1783 4772 posita,

152 4772 240 4827 exsilio
269 4775 426 4842 deportatus
444 4784 496 4830 est.
511 4775 549 4830 lta
564 4775 730 4839 dnamasius,
745 4775 790 4843 qui
806 4783 894 4831 umen
909 4777 936 4831 in
987 4783 1049 4843 post
1070 4776 1170 4832 multos
1194 4779 1253 4833 dies
1274 4786 1343 4845 atra,
1365 4785 1393 4832 el
1407 4775 1483 4847 quasi
1495 4775 1584 4830 ainata
1600 4775 1654 4844 igni
1670 4774 1781 4828 intents

151 4837 323 4899 Constantino
348 4858 414 4913 papa
440 4846 523 4911 addit,
546 4846 636 4901 occiso
647 4845 806 4909 lastiniam,
819 4843 936 4901 Felicem
987 4854 1039 4910 est,
1067 4856 1095 4900 ut
1121 4858 1212 4904 narrat
1227 4847 1271 4903 bie
1290 4849 1458 4901 anscarius.
1472 4846 1523 4900 ltes
1537 4846 1609 4899 enim
1623 4859 1639 4898 a
1653 4841 1785 4912 pontillce

152 4906 288 4995 liberatum
299 4928 358 4969 esse
369 4915 477 4982 exsilio,
489 4924 516 4972 et
530 4916 592 4971 licet
606 4928 717 4984 cascum,
730 4915 856 4971 Ecclesia
880 4930 937 4972 suar
988 4913 1043 4971 Deo
1055 4918 1212 4984 commissa,
1236 4925 1265 4972 et
1287 4917 1415 4986 principis
1430 4921 1613 4985 apostotorum
1627 4913 1784 4993 patrocinio

152 4989 311 5050 resumtum,
326 4992 388 5056 post
404 4989 552 5055 prestitam
567 4986 689 5041 Romane
701 4985 936 5056 porrtilleisoliltm
986 4986 1184 5052 eomurettdata,
1211 4987 1347 5043 declama
1369 4986 1421 5040 luit
1447 4985 1621 5054 persianum
1649 4982 1782 5039 divinitus

152 5050 345 5122 obedientimn;
360 5056 416 5110 imo
439 5071 500 5112 eum
513 5058 621 5128 egregia
635 5057 764 5112 claruisse
778 5057 933 5121 sanctitate,
987 5055 1101 5125 editum,
1116 5059 1198 5113 ueluti
1210 5068 1284 5114 certa
1298 5065 1359 5112 nota
1372 5055 1517 5109 veluntatis
1526 5052 1636 5121 diuinae,
1648 5054 1783 5124 ingratam

152 5131 181 5174 ae
199 5125 339 5181 miraculis
361 5127 442 5181 etiam
457 5141 623 5192 coruscasse,
642 5132 793 5182 auctorest
807 5127 937 5197 lileronp·
987 5125 1089 5181 scillcet
1114 5126 1210 5184 Felicis
1234 5126 1428 5195 professionem
1442 5123 1498 5181 Deo
1512 5125 1646 5192 luisse„in
1661 5141 1714 5198 apua
1729 5125 1783 5181 Ec·

154 5202 208 5247 alus
231 5194 385 5251 liubensin
401 5197 519 5252 bisteria
535 5196 937 5266 Ravennatemi.lixqttotetn·
987 5195 1097 5251 alesiam
1123 5211 1139 5251 a
1166 5198 1246 5254 beato
1271 5196 1419 5266 Apollinari
1439 5196 1516 5265 jussu
1545 5196 1617 5253 Petri
1630 5198 1781 5262 fundatam,

155 5267 365 5344 porepraesnles
384 5268 505 5335 ejusdem
517 5266 849 5323 ciuitatisinenrnibusse
870 5268 935 5323 ebe·
988 5264 1117 5345 Romanas
1139 5268 1282 5335 Ecclesiae,
1297 5274 1427 5338 qnatenus
1440 5268 1595 5324 Occidentis
1615 5269 1781 5335 patriarcba·

154 5331 328 5390 dtenttssimos
346 5339 475 5394 Ecclesiae
491 5339 617 5394 Romanae
629 5337 799 5406 pontilieibus
811 5337 938 5393 exbibue·
988 5336 1020 5392 bs
1033 5345 1086 5400 est,
1100 5338 1246 5407 srrbjeetam
1260 5354 1320 5394 esse
1331 5353 1386 5393 nnn
1398 5339 1576 5408 exprimebat.
1588 5337 1709 5394 bitricus.

154 5410 211 5456 tant
225 5411 358 5474 usquead
374 5408 503 5464 seculum
530 5408 700 5463 undecimum
722 5406 831 5477 ittietts,
857 5418 885 5465 ul
909 5410 937 5464 itt
1025 5406 1146 5462 οΝιιιιί
1169 5407 1254 5476 [acere
1274 5410 1413 5464 cntttiones.
1429 5411 1511 5465 ituris
1533 5417 1588 5463 tuin
1607 5418 1666 5462 erat
1680 5416 1708 5461 ut
1720 5407 1782 5475 epi·

154 5466 271 5529 Pascbali
284 5474 306 5531 tt
321 5479 481 5535 titlebitnus.
500 5480 606 5535 Paetus.
987 5481 1074 5549 scopi,
1086 5489 1227 5548 antequam
1243 5492 1475 5545 consecrarentur,
1485 5480 1616 5535 rationem
1629 5477 1689 5530 lldci
1702 5488 1780 5555 atquc

184 5541 210 5596 ὅ.
240 5545 295 5604 llic
317 5550 446 5604 ordinarit
469 5549 582 5604 Felicem
610 5547 723 5618 errlticp.
755 5547 934 5606 llnceanatcnt.
987 5549 1107 5620 obsequii
1122 5549 1250 5620 ederent,
1272 5566 1383 5620 eantque
1396 5551 1423 5603 in
1440 5549 1604 5618 potililiciutn
1617 5548 1783 5601 tabularium

152 5605 367 5693 basennatenses
380 5619 574 5689 arclriepiscopi
591 5621 771 5674 bortianorum
782 5621 936 5689 pnntlllcum
987 5620 1130 5686 referrent,
1152 5621 1223 5691 qnind
1243 5623 1381 5679 cautiones
1391 5619 1418 5676 iu
1433 5619 1532 5677 scrinio
1546 5618 1635 5675 lacere
1649 5617 1687 5673 illi
1701 5616 1777 5674 dice·

150 5684 324 5751 rttrtsdlctionl
351 5705 411 5747 sese
434 5693 594 5749 subtralrcre
614 5689 778 5761 jannprident
799 5689 934 5747 maebina-
989 5689 1061 5753 bant.
1078 5691 1231 5748 cracantes.
