3832 6114
845 58 878 142 b

166 256 214 330 ist

578 271 608 329 s.
630 272 807 330 uenturam
825 270 969 330 oeenutr
989 269 1078 329 raus
1097 271 1130 329 ιι.
1149 301 1185 316 -
1204 229 1430 335 τίιιιιιτιιε.ι

1748 272 1804 334 tta

167 388 237 449 iuut
249 389 359 448 latibulo
383 355 576 461 mancipandae,
594 400 622 445 ct
649 389 840 445 subsannantis
857 400 959 459 ganua·
972 387 998 448 Δ
1011 384 1115 457 cipatus
1129 385 1156 444 in
1171 387 1317 446 Tribulano
1328 385 1580 457 municipioiucrat,
1594 385 1804 445 virusetbatmu

167 497 233 544 turm
258 485 400 541 ludibrium
417 485 520 540 laturae.
539 482 664 540 Postbaec
677 483 783 539 Rutilius
801 497 862 538 cum
878 479 959 535 ditis·

166 581 243 634 slmis
267 579 409 633 verberum
432 577 530 632 ictibus
556 591 626 633 caesa
642 586 669 632 et
683 576 797 632 caerulea
813 575 958 643 flagrorum

165 673 254 727 silice
267 680 405 726 cruentata
429 669 456 725 iu
471 678 616 740 cottspectu
646 669 760 725 incentis
785 678 900 737 satrapa
913 679 960 719 ra·

167 762 281 834 palaret,
294 761 418 818 Secuttda
431 770 588 817 constanter
598 762 634 816 alt
645 780 651 815 :
664 761 774 832 bpplica
785 759 868 828 ignes,
881 769 957 823 saxa,

164 857 278 927 gladius,
298 855 414 926 llagella,
430 853 516 911 instes
528 862 557 920 et
572 853 674 924 virgas,
688 861 754 923 qttot
769 859 795 905 tu
812 862 904 920 planas
919 848 959 900 iu·

165 944 270 1011 tuleris,
285 954 325 1001 tot
345 953 396 1015 ego
406 943 505 1014 glorias
519 942 679 1010 nutrvetabo,
694 951 758 1011 quot
773 949 800 993 tu
815 937 958 993 violentias

163 1032 336 1105 irrogaveris,
362 1047 401 1091 tot
415 1050 465 1106 ego
480 1034 599 1108 martyrii
616 1043 744 1104 computo
759 1030 874 1103 palmas.
896 1029 956 1084 llos

163 1126 310 1184 identidem
326 1130 352 1184 in
376 1129 512 1184 latebroso
526 1125 644 1183 carceris
667 1123 764 1188 ¹iuttdo,
780 1122 825 1191 qui
846 1109 959 1188 fumiga-

166 1219 262 1275 bundis
285 1219 392 1274 letcntls
406 1218 461 1272 litui
490 1216 619 1272 fetoribus
634 1212 771 1276 horrebat,
787 1221 888 1266 carretae
903 1207 959 1265 rir-

162 1310 238 1380 girres
252 1309 434 1375 includuntur,
450 1307 497 1363 scd
513 1305 589 1361 iutra
619 1305 705 1378 caligo
733 1302 837 1359 coelesti
863 1303 958 1370 splen-

1009 477 1175 548 sguammosi
1186 479 1311 537 draconis
1322 497 1374 537 nou
1390 481 1517 547 terentes,
1530 489 1623 549 spreto
1632 479 1743 552 oppido,
1757 496 1804 537 ra·

1009 569 1143 639 gabuudis
1171 573 1307 629 meatibus
1326 573 1425 643 panim
1445 572 1676 642 dispergerentur.
1701 573 1805 640 Quibus

1009 667 1104 715 sancta
1118 660 1247 728 llietoria,
1261 661 1285 716 si
1296 671 1518 717 converterentur
1533 660 1566 715 ad
1590 661 1685 728 beau,
1702 662 1805 720 relictis

1007 749 1122 808 rlcormu
1137 755 1295 810 statunculis
1318 763 1346 811 et
1368 753 1500 811 abdicatis
1523 755 1697 812 delubrorum
1714 756 1804 827 luper·

1009 842 1122 911 cutibus,
1143 843 1265 899 ultronea
1286 846 1431 917 spopondit
1441 860 1471 902 se
1498 847 1627 902 virulenta
1652 849 1804 918 spumantis

1011 935 1128 992 basilisci
1140 939 1272 1007 spiracula
1287 941 1379 1008 procul
1393 940 1557 1009 pulsaturam
1580 949 1608 995 et
1622 940 1716 997 urbem
1727 941 1804 1000 inco-

1009 1027 1125 1084 lumitati
1143 1031 1262 1100 pristinae
1272 1032 1448 1088 reddituram.
1468 1031 1535 1088 llam
1551 1041 1663 1104 propter
1673 1046 1802 1095 venervata

1010 1117 1145 1176 horrentis
1157 1122 1276 1193 cltelyvlri
1290 1123 1372 1179 liubra
1388 1125 1574 1180 calamitosum
1591 1125 1685 1196 vulgus
1700 1128 1801 1198 lugenti

1010 1217 1101 1281 strage
1118 1213 1271 1268 catervatim
1284 1214 1477 1282 trucidabatur,
1492 1225 1620 1287 parentes
1638 1226 1802 1287 prepostero

1009 1302 1104 1360 ordine
1119 1305 1260 1362 immatura
1277 1310 1418 1379 pignorum
1433 1309 1527 1367 lunera
1552 1323 1694 1367 cernentes
1708 1311 1803 1368 debili-

164 1401 232 1455 dore
250 1400 365 1472 iurgatur,
386 1406 414 1453 et
428 1398 549 1469 putidum
565 1397 684 1451 letamen
695 1388 965 1461 reluttlvytniama,et
1009 1392 1059 1448 bus
1080 1396 1206 1451 orbitatis
1232 1400 1372 1469 questibus
1395 1403 1494 1458 acriter
1518 1403 1700 1459 arctabantur.
1726 1403 1802 1460 Tunc

162 1487 249 1563 [bodl.
266 1491 349 1544 attriti.
365 1487 403 1560 et]
419 1487 494 1544 nardi
509 1487 595 1556 pistici
608 1485 753 1554 fragrantia
761 1481 872 1538 redolet.
888 1479 955 1535 llur·
1008 1497 1136 1555 patronus
1151 1488 1269 1545 civitatis
1288 1491 1454 1560 generaliter
1474 1508 1508 1549 cx
1523 1508 1638 1564 persona
1655 1495 1801 1565 promiscui

164 1597 211 1636 sus
226 1582 252 1635 iu
267 1581 394 1635 ardentes
416 1579 580 1633 tbcrmarum
601 1590 726 1648 vapores,
742 1590 803 1644 quse
818 1571 956 1644 supposita
1007 1587 1089 1630 sexus
1112 1588 1224 1634 cttuctos
1250 1581 1344 1649 puellae
1376 1584 1493 1640 oraculis
1520 1585 1628 1639 credula
1653 1586 1801 1656 precordia

162 1686 308 1739 prunarum
325 1669 451 1736 congerie
469 1668 640 1724 torrebantur
655 1666 841 1727 inclementer,
858 1661 954 1733 jactari
1008 1666 1126 1734 pandere
1142 1669 1297 1738 pollicetur,
1324 1670 1348 1726 si
1364 1673 1515 1728 truculenta
1537 1674 1621 1745 gipsae
1642 1677 1801 1746 crudelitas,

162 1760 338 1829 imperantur,
354 1759 402 1814 scd
418 1758 501 1814 illesa
517 1758 701 1815 metubrorum
711 1763 853 1811 venustate
866 1753 953 1822 snspi·
969 1740 1067 1828 lionae
1082 1758 1232 1814 letbiievam
1247 1760 1408 1818 utiseraudis
1431 1763 1536 1819 civibus
1557 1766 1627 1820 laem
1653 1763 1801 1836 interebat,

160 1849 203 1909 'tes
224 1869 240 1910 e
263 1854 374 1909 rbermis
396 1855 541 1910 emersisse
564 1851 707 1924 legutttur;
722 1864 815 1906 verum
844 1856 955 1903 cruenta
1008 1848 1114 1920 lougius
1135 1860 1284 1907 arceretur.
1307 1850 1375 1907 Tam
1400 1866 1478 1909 sacra
1501 1854 1575 1924 rirgo
1589 1856 1710 1926 angelico
1734 1856 1800 1914 iutra

161 1956 292 2003 turturum
318 1947 448 2004 seueritas
463 1947 609 2018 reciprocis
629 1944 733 2000 vicibus
759 1942 837 1999 turios
850 1941 918 1996 elisa
929 1948 956 1994 ot
1006 1942 1133 2013 suffragio
1145 1957 1206 1999 cum
1219 1944 1305 2000 turbis
1326 1946 1463 2014 populosae
1477 1946 1595 2002 civitatis
1609 1949 1642 2002 ad
1661 1957 1799 2018 spectacu-

161 2039 300 2102 lubeiacta,
328 2054 378 2095 uec
403 2041 557 2107 mitescere,
588 2052 639 2094 uec
663 2036 843 2092 miserescere
868 2032 954 2088 norit.
1004 2033 1062 2090 lum
1079 2035 1266 2105 manipulatim
1280 2035 1489 2104 enrvssueuvibus,
1505 2036 1612 2094 ducitur
1625 2038 1659 2095 ad
1673 2039 1799 2095 draconis

159 2131 298 2201 siquiden
325 2131 439 2188 tumulas
456 2130 503 2187 Del
531 2131 648 2200 ingentis
662 2127 766 2202 scopuli
791 2126 862 2181 ntole
886 2138 954 2180 cuu-
1004 2127 1137 2198 speleum,
1153 2138 1281 2199 crepante
1306 2129 1507 2199 jampullorum
1531 2130 1663 2199 plausuet
1681 2138 1797 2187 sonante

161 2232 243 2273 ructas
258 2216 285 2272 iu
302 2217 391 2273 medio
405 2217 512 2274 'liberis
534 2217 613 2272 alvco
635 2214 694 2271 sine
716 2212 896 2270 utiseratiouis
912 2225 954 2265 rc·
1004 2221 1139 2291 gottjoiofo
1153 2230 1180 2277 or
1193 2235 1361 2291 ooqooqoooo
1374 2221 1556 2278 formidolosis
1568 2222 1690 2293 goortpoo
1704 2221 1796 2278 oooot.

161 2318 255 2380 speetu
268 2324 392 2380 militie
404 2307 495 2379 jussit,
517 2307 565 2364 ⁸01¹
582 2307 712 2362 ”bilbilim
726 2305 844 2377 iurabis
859 2303 954 2359 dutrtes
1004 2315 1105 2381 banda,
1119 2330 1167 2370 uec
1179 2315 1344 2370 rtteticulosis
1360 2314 1506 2385 palloribus
1522 2315 1674 2371 rtutabunda
1687 2316 1795 2374 latitau·

160 2403 272 2475 gloriam
286 2404 340 2461 ilco
354 2403 388 2461 ab
403 2402 557 2459 inlidelibus
576 2401 736 2474 denegatam
753 2411 859 2455 sanctas
873 2395 954 2466 virgi·
1005 2411 1057 2462 too,
1082 2405 1229 2475 alloquitor
1253 2405 1377 2461 bootiooo,
1403 2406 1433 2462 io
1457 2407 1580 2474 nomino¹
1606 2406 1708 2479 inquio,
1728 2409 1794 2466 gogo

160 2511 209 2554 tres
224 2498 343 2567 riparum
359 2494 523 2567 marginibus
548 2494 697 2551 incolumes
709 2493 862 2548 restituunt.
877 2488 953 2544 Unde
1003 2496 1101 2553 Claristi
1115 2496 1217 2568 bomini
1231 2496 1316 2551 nostri
1330 2498 1372 2552 eri
1390 2496 1463 2564 bine,
1481 2497 1562 2553 draco
1576 2498 1751 2568 ttequissime,
1766 2507 1795 2556 et

160 2598 266 2660 sabupa
282 2597 354 2644 ratila
370 2602 459 2643 rerum
474 2587 595 2657 grrodigia
608 2586 802 2655 obstupescens
825 2580 953 2637 scribitur
1002 2586 1035 2643 (la
1057 2586 1185 2642 bonorouo
1200 2587 1265 2653 boo,
1282 2588 1349 2643 vodo
1374 2589 1417 2642 tibi
1433 2603 1486 2645 ooo
1514 2589 1636 2645 troogoor
1656 2590 1793 2646 nominos,

158 2678 260 2734 dixlsse
274 2694 281 2731 :
295 2678 356 2733 istm
368 2685 416 2730 aut
427 2677 531 2748 uraglca
546 2688 603 2730 arte
619 2688 668 2729 uos
680 2681 819 2746 superant,
835 2682 881 2726 atti
897 2671 951 2725 tir·
1002 2677 1094 2734 Paruit
1107 2678 1188 2734 draco
1201 2677 1279 2734 dietis
1293 2690 1320 2734 et
1333 2694 1413 2736 cursu
1427 2681 1597 2751 rapidissimo
1610 2680 1716 2751 iuglcus
1729 2681 1796 2737 abs·

161 2765 282 2837 sibilatis
306 2767 332 2821 in
343 2768 381 2820 eiii
392 2767 524 2821 sanctitas
538 2773 641 2836 regnat.
654 2762 795 2820 Postremo
809 2762 951 2833 capitalem
1002 2775 1094 2828 gessii,
1122 2771 1169 2827 llio
1190 2786 1264 2837 vero,
1281 2773 1403 2842 ingresso
1417 2774 1556 2830 latibulum
1571 2774 1680 2843 belluae,
1693 2774 1795 2844 flagitat

164 2857 267 2911 sortitae
280 2856 458 2924 sementiam,
483 2855 611 2926 angelicis
634 2866 733 2912 evectae
745 2855 875 2924 catervis,
891 2866 951 2909 carn
1003 2861 1129 2932 populum
1155 2857 1213 2932 jam
1233 2860 1347 2932 periculi
1374 2874 1522 2932 expertem,
1539 2874 1567 2917 ut
1582 2863 1632 2918 sibi
1647 2863 1796 2918 oratoriam

163 2946 260 3002 rerillo
271 2935 432 3019 virginitatis
448 2945 648 3002 adcoelisidcra
666 2944 808 3003 scatvdunl.

1001 2950 1028 3010 iu
1053 2953 1147 3009 cadem
1171 2963 1263 3023 crypta
1287 2961 1402 3020 struant,
1430 2962 1457 3009 et
1473 2954 1604 3024 puellulas
1627 2953 1661 3008 ad
1676 2953 1795 3023 patroci-

198 3037 252 3094 tlt.
268 3038 323 3094 Nec
337 3039 521 3109 pretereunda
536 3053 634 3094 censeo
649 3047 802 3095 sanctarum
819 3037 950 3110 virginum
963 3086 989 3153 G
1004 3042 1077 3099 nium
1103 3042 1165 3100 vita
1191 3045 1359 3115 impendant,
1387 3045 1483 3114 ouibus
1511 3045 1624 3116 imperio
1639 3044 1794 3115 parentibus

160 3131 293 3188 Anatoliae
308 3144 336 3190 et
360 3131 483 3189 victuriae
498 3132 643 3204 preconia,
663 3147 773 3203 quarum
787 3148 910 3188 rumores
922 3143 951 3189 ct

161 3227 344 3299 prodigiorum
367 3227 502 3299 privilegia
536 3243 584 3298 per
607 3237 677 3283 totos
705 3226 798 3282 mvndi
826 3227 950 3283 cardines

162 3323 329 3392 longiuscale
354 3323 545 3392 crebrescunt,
569 3321 801 3379 dumscbcdarum
829 3320 950 3393 apicibus

158 3419 267 3488 qnando
282 3425 387 3473 rotante
401 3418 465 3473 antri
480 3418 580 3473 circulo
592 3415 713 3471 natalitia
733 3414 887 3472 earumdem
903 3429 949 3470 ca-

161 3508 254 3566 tbolici
268 3509 406 3577 celebrant
421 3511 447 3567 iu
461 3510 563 3579 pulpito
583 3510 706 3568 ecclesie
728 3510 884 3565 recitantur.
898 3508 950 3579 lgi-

160 3610 202 3657 tur
216 3611 345 3673 regnanto
360 3602 454 3671 Decio,
465 3603 575 3672 otiando
589 3601 718 3657 effrenata
730 3609 860 3656 tortorum
876 3599 949 3655 iero·

157 3695 225 3752 citas
256 3702 349 3752 contra
372 3694 516 3751 bellatores
537 3695 635 3750 Cltristi
663 3692 811 3750 crudeliter
834 3690 948 3756 exarsit,

157 3788 299 3858 predictas
312 3787 430 3858 virgines
456 3786 526 3842 nulla
546 3793 747 3856 persecutorum
761 3780 949 3849 rabies,tmlla

157 3894 295 3948 poenarum
318 3880 451 3935 acerbitas
477 3880 511 3933 ab
531 3877 692 3948 integritatis
716 3893 779 3933 arce
803 3875 949 3933 detrudere

156 3971 310 4035 ualvternut,
325 3968 372 4025 sed
386 3983 466 4024 otrvtre
481 3969 671 4040 patrimonium
686 3977 714 4023 et
726 3979 948 4024 ornamentorum

155 4064 268 4136 gloriam
298 4073 350 4118 tam
371 4060 565 4117 discriminalia
586 4059 701 4128 capitum
723 4067 751 4114 et
775 4058 949 4127 periscelides

155 4172 275 4225 cruruvn,
298 4170 379 4224 naam
394 4151 562 4210 olfactoriola
583 4151 659 4207 uardi
670 4158 698 4206 et
710 4149 854 4219 crepundia
877 4148 948 4205 collo

155 4247 323 4318 gerutvtileris
349 4245 447 4301 lunulis
469 4243 632 4313 pendentia,
668 4240 701 4296 ad
727 4239 825 4311 stipem
846 4239 948 4295 vuatuis

156 4338 260 4411 [bodio
273 4334 386 4408 rvtaucis]
400 4347 426 4392 et
441 4334 631 4390 aratu-iculariis
656 4333 766 4404 prodiga
788 4331 947 4389 liberalitate

1003 3154 1054 3196 ιιι
1075 3138 1236 3211 virgunculae
1256 3139 1348 3194 divino
1372 3139 1482 3195 servitio
1496 3137 1655 3209 subiugata,
1673 3152 1793 3194 consona

1001 3229 1117 3286 melodia
1144 3228 1260 3286 dulciter
1283 3227 1467 3302 hymnizantes
1488 3239 1516 3286 ct
1541 3229 1705 3301 psalmorum
1725 3244 1791 3285 eau-

1001 3336 1096 3381 ceutus
1115 3324 1233 3381 suaviter
1248 3334 1442 3394 concrepantes
1466 3323 1586 3381 uictoriae
1610 3323 1742 3395 exemplis
1765 3331 1794 3378 et

1001 3417 1110 3475 utottitls
1136 3418 1297 3473 inarescunt.
1337 3415 1421 3472 Porro
1447 3414 1582 3484 Eugenius
1610 3428 1707 3484 procus
1733 3412 1794 3483 ejus

1000 3525 1112 3568 emensa
1127 3510 1242 3566 triennio
1255 3509 1380 3579 Capitolii
1404 3509 1540 3564 llantiucm
1560 3507 1639 3585 enisa
1653 3521 1731 3577 prece
1746 3520 1794 3575 po·

1001 3601 1096 3673 poscit,
1113 3612 1140 3657 ut
1160 3601 1241 3657 missa
1263 3601 1413 3657 smtuncula
1431 3599 1533 3675 llicit,
1556 3599 1793 3655 ntissaestatuucu·

1002 3696 1046 3770 le]
1057 3698 1268 3767 blattaecogerct
1284 3696 1425 3752 victorium
1440 3697 1589 3766 apostatico
1615 3693 1667 3748 ritu
1686 3689 1792 3746 tluurill·

1001 3801 1073 3845 care.
1107 3788 1152 3843 llla
1180 3786 1323 3843 uciarulum
1350 3787 1452 3842 lacinus
1467 3793 1605 3841 exsecrata
1619 3791 1647 3839 et
1669 3783 1791 3852 garrulum

1000 3880 1138 3936 struvalaeri
1152 3894 1245 3947 eausa,
1267 3879 1321 3935 ictu
1349 3877 1429 3950 gladii
1450 3877 1623 3933 interimitur.
1637 3874 1692 3930 Nec
1704 3883 1791 3928 tamen

1000 3980 1127 4028 cruentus
1140 3971 1259 4028 carniiet
1284 3970 1422 4026 victoriam
1448 3969 1613 4026 devictoris
1631 3976 1723 4022 nactus
1736 3973 1790 4032 est,

1000 4063 1048 4117 sed
1064 4077 1186 4127 mancus,
1198 4077 1278 4116 manu
1297 4062 1382 4127 arida,
1397 4070 1424 4115 et
1437 4058 1607 4129 elephantina
1621 4059 1691 4113 eutis
1710 4055 1793 4112 callo·

999 4153 1078 4208 sitate
1099 4152 1259 4223 purulentus
1290 4162 1317 4207 ct
1347 4149 1483 4207 ter-nvibus
1506 4151 1657 4207 scaturiens
1673 4146 1793 4217 putidum

999 4243 1135 4300 exhalarit
1155 4243 1289 4311 spiritum.
1306 4240 1428 4297 ornatilia
1451 4254 1514 4294 tero
1526 4239 1553 4293 in
1569 4239 1691 4292 exsilium
1707 4249 1791 4304 trusa,

999 4338 1137 4407 signorum
1151 4333 1287 4390 miraculis
1301 4332 1486 4395 crebrescens,
1498 4328 1636 4399 praelatam
1649 4328 1750 4381 sociam
1763 4329 1791 4383 iu

155 4431 338 4487 cuvvruicrunt.
365 4429 425 4496 Quo
450 4435 600 4498 corruperto,
625 4441 769 4496 procorum
800 4422 947 4497 otraeovdia
963 4430 1144 4496 uvirtutibus
1158 4428 1343 4499 aequiparavit.
1359 4427 1465 4483 Etenim
1478 4425 1563 4479 lilium
1579 4423 1697 4478 consulis
1711 4436 1792 4477 cuver-

158 4523 306 4580 tirribaudia
325 4519 442 4576 vesamae
465 4519 560 4576 iaculis
573 4520 773 4575 inflammantur
788 4537 794 4573 :
810 4519 873 4575 dum
887 4517 945 4573 uui·

153 4614 226 4671 versi
247 4612 401 4669 lacultatmu
415 4609 528 4674 reditus,
542 4617 570 4666 et
582 4609 690 4679 copiosa
713 4618 832 4678 quaesms
845 4606 946 4676 stipen-

154 4708 200 4764 dia
214 4706 247 4762 ad
272 4720 374 4777 agapen
388 4703 559 4775 pauperculis
573 4701 790 4758 urettdicautibus
810 4694 944 4765 venirent,

154 4808 219 4857 tutte
232 4798 368 4870 brugecine
382 4809 409 4852 ct
424 4795 561 4865 Aurelius,
575 4795 620 4866 otri
640 4794 732 4866 sponsi
747 4808 839 4850 earum
863 4791 945 4846 lutnri

153 4905 216 4949 esse
241 4891 428 4954 credebantur,
453 4886 624 4943 iraudulcuto
643 4885 756 4942 consiliu
776 4892 804 4939 ct
818 4882 945 4938 dissimu-

155 4986 210 5048 luto
230 4986 339 5054 negotio
363 4982 535 5056 insuperatoris
548 4982 657 5052 pittacia
685 4981 841 5049 impetrant,
869 4987 899 5034 ut
911 4977 946 5033 ab

153 5075 322 5140 urbcllotua,
332 5078 364 5131 nd
373 5077 478 5147 propria
496 5073 594 5145 praedia
605 5075 775 5139 ducerentur,
792 5085 825 5126 ue
838 5068 908 5125 lurte
922 5067 946 5124 si

153 5183 204 5239 pro
218 5167 376 5223 Clvristianae
386 5168 523 5239 religionis
532 5169 607 5223 titulo
617 5180 663 5221 eas
670 5171 826 5221 accusantes
840 5161 945 5234 publica

152 5263 354 5320 insimulatione
378 5260 561 5330 propalarent,
594 5261 779 5329 possessiones
800 5271 892 5313 earum
919 5265 946 5311 et

153 5370 279 5426 agrorum
291 5351 364 5408 itrrrdi
377 5349 460 5407 liscali
476 5350 536 5421 jure
551 5350 795 5419 proscriberentur.
808 5347 891 5403 bocla
904 5354 946 5400 est

153 5448 244 5517 itaque
258 5447 333 5501 beata
353 5443 470 5500 llictorla
486 5442 751 5516 prasag·v,vocabulo
766 5457 831 5498 rere
844 5437 944 5497 Christi

153 5536 266 5592 victoria
280 5535 490 5593 iuTribulanam
511 5533 686 5598 territurium,
700 5542 728 5588 ut
743 5532 841 5589 ibidem
852 5531 943 5589 esilia-

152 5635 178 5681 ιι
192 5626 269 5683 lavatis
287 5630 364 5699 copia
378 5637 405 5685 ct
422 5627 474 5684 cibi
499 5626 585 5697 iuopia
610 5635 764 5696 angeretur.
789 5626 825 5681 [a
843 5637 943 5698 tentipe-

152 5728 220 5778 statc
233 5723 355 5794 cotutigit,
371 5732 399 5782 ut
414 5722 533 5784 adversi
547 5720 706 5793 muu‘cipes,
729 5734 843 5791 qtrotttttt
857 5712 941 5776 muni·

996 4538 1142 4594 gumenum
1169 4521 1261 4591 rigidis
1286 4529 1440 4576 catenarum
1463 4516 1578 4572 nexibus
1593 4513 1792 4569 astrictumes·

998 4615 1076 4687 pulso
1096 4613 1257 4678 ltabitatore,
1272 4611 1345 4667 dicto
1369 4609 1573 4667 citittscuravlt.
1599 4609 1659 4673 Quo
1681 4619 1792 4663 ruttvore

997 4693 1174 4774 clarescente,
1199 4712 1228 4762 et
1251 4705 1378 4770 larvatos,
1394 4713 1422 4759 ct
1443 4700 1604 4764 comitiales,
1626 4713 1658 4753 ac
1674 4709 1790 4755 ceteros

999 4802 1209 4859 valetudinarios
1222 4786 1343 4871 pristinte
1354 4797 1462 4854 servituti
1476 4796 1604 4852 restituit.
1616 4793 1669 4850 Sed
1684 4800 1711 4848 ct
1720 4793 1790 4847 llar-

996 4910 1068 4962 sum,
1081 4896 1126 4964 oui
1141 4893 1290 4948 virulentos
1304 4890 1430 4946 matrices
1441 4889 1473 4943 ad
1485 4903 1569 4944 sacrae
1580 4886 1690 4958 virginis
1701 4868 1804 4941 lassiu·‘

997 5003 1059 5044 uem
1075 4983 1282 5042 incantationum
1301 4981 1466 5039 cartainibus
1482 4980 1641 5047 irritabant,
1667 4986 1697 5033 ut
1710 4987 1788 5049 poeta

996 5084 1055 5136 ait:
1165 5066 1167 5070 ⁵

1087 5167 1201 5231 Frigidus
1212 5169 1236 5218 itt
1248 5168 1324 5230 pratis
1334 5165 1452 5217 cautando
1461 5164 1580 5227 rumpitur
1591 5161 1686 5222 anguis,

995 5254 1062 5311 diris
1077 5255 1156 5324 spiris
1170 5252 1319 5309 involutum
1337 5253 1481 5319 perniciter
1496 5248 1604 5316 eripuit.
1621 5245 1695 5301 Tunc
1710 5243 1787 5300 beata

996 5347 1119 5405 anatolia
1145 5362 1205 5403 cum
1233 5356 1317 5402 staret
1342 5344 1504 5400 iuoratioue
1527 5338 1627 5396 erectis
1651 5337 1684 5390 ad
1700 5334 1789 5391 sidera

996 5442 1101 5512 palmis,
1121 5451 1149 5496 et
1163 5441 1227 5498 lusis
1240 5440 1274 5497 ad
1297 5440 1387 5510 polum
1403 5437 1536 5507 precibus,
1562 5431 1704 5510 evaginato
1723 5444 1791 5487 ettae

994 5536 1089 5605 capulo
1114 5546 1190 5591 tenus
1205 5550 1257 5605 per
1271 5546 1384 5603 utraque
1408 5532 1490 5586 latera
1514 5527 1683 5582 adactorum
1703 5522 1788 5592 virgi·

995 5626 1086 5682 ruituris
1113 5625 1247 5699 triuutplro
1262 5625 1343 5685 rubra
1359 5621 1483 5697 tvtartyrli
1498 5630 1569 5679 serra
1586 5616 1646 5674 luso
1659 5616 1791 5689 sanguine

993 5719 1114 5779 sortitur.
