3832 6114
67 316 139 381 tiss
795 304 985 361 aristote.
1630 311 1699 370 tiso

67 426 210 495 'luicliario
232 431 355 486 videlicet
367 426 541 484 ‘secretissimo
555 422 637 477 iratrc
651 430 680 478 et
694 419 856 489 coepiscopo
870 421 893 478 Α
908 432 985 474 snum
999 420 1130 493 lluysctn,
1145 439 1192 491 per
1205 438 1283 494 quiem
1295 423 1370 496 signa
1384 435 1411 481 et
1421 426 1541 497 prodigia
1557 445 1699 499 exercens,

70 539 172 592 nostro,
193 534 220 580 et
235 523 324 579 Felice
337 521 474 591 religioso,
490 527 517 573 ct
530 515 659 571 llatberto
673 514 731 568 tiro
745 511 855 579 illustri,
908 511 1032 566 cumdem
1045 527 1123 567 sumn
1138 513 1236 584 eripuit
1250 517 1397 585 populum,
1414 526 1440 573 et
1456 533 1504 588 per
1528 534 1589 574 curn
1614 521 1700 591 legem

70 619 209 691 conjurarit
222 615 255 669 ad
270 612 391 669 auritium
405 611 545 665 naissuma
561 606 684 662 ltdelibus
694 613 797 660 sanctae
809 602 856 657 bei

70 711 210 775 Ecclesiae,
232 707 361 779 spiritalis
382 704 476 758 manis
488 712 595 769 vestrae,
611 700 655 770 qni
670 713 733 754 vera
749 711 857 767 semper

69 804 146 858 nolis
166 800 285 856 assolent
308 796 441 862 indicare,
464 794 617 866 significans
632 791 710 846 nobis
723 789 794 860 qrtod
811 803 859 844 ne·

64 893 141 949 iartdi
160 891 258 957 Graeci,
279 887 379 943 inimici
394 895 494 940 satietas
510 884 636 940 Ecclesiae
652 882 710 946 lici,
724 893 751 936 et
765 880 859 936 ortbo·

66 985 144 1040 dorus
159 983 220 1037 lldei
235 988 444 1050 etpngnatoreS,
466 977 521 1033 lieo
537 976 588 1032 sibi
609 974 755 1042 contrario,
777 985 859 1042 super

67 1091 117 1133 nos
139 1084 167 1131 et
183 1072 379 1128 liavcrinatium
401 1080 491 1139 partes
514 1070 616 1123 irruere
637 1066 859 1135 renuntientque

67 1167 243 1222 monitionem
264 1167 361 1218 lacere.
387 1161 463 1217 lirtde
478 1161 538 1230 qrria
554 1159 630 1223 stibi,
652 1166 711 1229 post
733 1155 816 1210 Deum
831 1162 859 1209 et

65 1259 175 1314 ¹beatum
196 1257 314 1320 Petrum,
337 1263 427 1308 nostra
447 1268 511 1323 spes
527 1261 646 1314 nonest,
663 1249 714 1303 nisi
729 1247 799 1317 apud
813 1259 860 1299 vc·

909 601 927 656 il
939 602 960 657 is
981 603 1131 670 instruens,
1150 605 1184 660 ad
1209 615 1327 672 optatam
1347 622 1394 662 eos
1420 609 1543 676 perdum
1568 612 1700 681 requiem,

909 692 958 749 dal
983 695 1062 750 etiam
1078 694 1176 762 iustae,
1196 705 1225 751 ut
1240 699 1376 763 pra-lietur
1388 699 1456 753 bella
1476 698 1597 765 Domini,
1619 715 1701 756 atriae·

909 784 1007 854 oritur,
1024 798 1104 854 atone
1128 789 1195 842 alios
1220 790 1262 842 sui
1282 788 1365 844 divini
1388 792 1502 844 nominis
1524 794 1640 848 cultores
1663 797 1702 848 eis

909 881 1042 934 concessit
1053 880 1235 936 auxiliatores.
1257 881 1309 937 Sed
1326 883 1351 936 in
1366 884 1489 939 omnibns
1515 887 1643 942 illistron
1665 884 1702 940 ita

909 973 1069 1040 complacuit
1079 972 1137 1042 eins
1151 972 1240 1027 divina
1257 975 1396 1043 maiestas,
1413 978 1483 1030 sicut
1498 978 1524 1030 in
1537 979 1617 1032 barid
1630 995 1701 1050 rega,

910 1063 943 1117 de
966 1077 1019 1132 orto
1042 1064 1080 1117 ait
1105 1081 1111 1117 :
1137 1062 1244 1119 Seruum
1270 1081 1352 1119 meunt
1376 1068 1517 1144 arentellam
1541 1084 1586 1122 cor
1608 1085 1703 1129 atrurn,

910 1155 937 1208 ia
962 1155 1018 1208 oleo
1040 1165 1129 1209 arneto
1153 1156 1216 1210 nasi
1240 1174 1298 1210 enar
1324 1155 1411 1229 (Ptol.
1439 1159 1585 1228 cxssvtn);
1611 1161 1654 1213 cui
1678 1167 1706 1215 et

911 1261 1023 1315 regnum
1042 1257 1070 1300 et
1084 1247 1179 1302 sernini
1195 1247 1254 1316 ejus
1272 1249 1298 1303 in
1320 1260 1450 1303 attentum
1474 1250 1590 1320 gloriose
1613 1250 1707 1305 lriltuit

67 1357 151 1403 stram
171 1346 367 1400 nobilissimam
385 1343 588 1407 excellentiam
610 1339 671 1394 idco
687 1338 793 1393 obnixis
813 1335 857 1391 de·
909 1338 1113 1409 possidendum.
1128 1340 1173 1394 Sic
1187 1341 1272 1406 eninr,
1285 1341 1525 1410 praecellentissimi
1539 1353 1616 1414 atquc
1630 1344 1707 1397 nobi·

65 1437 270 1510 procationibus
295 1438 409 1506 petimus
433 1443 479 1498 tc,
517 1432 743 1488 eicellentissime
771 1430 807 1484 lili
833 1436 861 1483 ct
913 1432 1007 1487 lissiml
1022 1433 1173 1499 blii‚abeo
1184 1434 1300 1489 instituti
1311 1437 1481 1503 reges,idcm
1497 1436 1624 1492 Dorvtinus
1636 1437 1706 1494 baris

67 1530 197 1599 spiritalis
208 1537 356 1595 coronator,
371 1538 399 1582 ιιι
412 1526 509 1596 jubeas
521 1533 630 1595 propter
642 1523 725 1578 licum
740 1531 769 1576 et
784 1535 862 1576 reve·
913 1534 1005 1578 noster
1019 1524 1145 1578 innostra
1161 1524 1386 1580 christianissima
1397 1527 1559 1598 complacuit
1573 1528 1708 1583 excellen-

67 1623 182 1676 rcntiam
197 1617 267 1675 beati
281 1617 355 1673 Petri
369 1619 482 1673 salntem
497 1616 574 1672 istius
587 1612 760 1684 provinciaea
784 1613 862 1669 vobis
913 1616 960 1682 tis,
974 1624 1053 1685 atque
1068 1616 1094 1669 ln
1111 1624 1186 1670 utero
1206 1617 1299 1671 matris
1321 1632 1370 1672 vos
1396 1619 1575 1683 sanctificans,
1591 1619 1625 1672 ad
1650 1627 1704 1674 tarn

64 1711 213 1778 sedernpta
229 1723 383 1778 procurare,
394 1718 421 1762 et
432 1707 573 1762 crantesrtn
585 1717 701 1762 vestram
714 1704 861 1776 dignemini
914 1720 1040 1774 magnum
1055 1706 1145 1774 rogale
1160 1708 1279 1773 perrexit
1289 1710 1405 1774 culmen,
1422 1709 1532 1762 mittens
1553 1711 1705 1778 apostolum

68 1801 183 1871 dirigere
197 1799 334 1856 desiderio
356 1800 592 1868 Langobardorum
618 1800 672 1867 regi
695 1801 818 1865 missum,
834 1807 862 1853 nt
877 1771 901 1831 B
914 1811 992 1852 sunm
1007 1795 1114 1850 beatam
1129 1797 1247 1862 l‘etmm,
1263 1812 1312 1866 prr
1333 1796 1392 1867 ojus
1415 1812 1511 1868 nernpe
1528 1797 1666 1865 vicarium,
1680 1809 1708 1854 et

69 1893 93 1949 sl
107 1892 252 1949 necessitas·
277 1892 358 1947 luerit
380 1889 542 1960 signidcata,
562 1890 689 1944 auxilinm
713 1890 790 1943 nrtbis
814 1903 862 1958 pro
914 1889 975 1942 oleo
988 1897 1082 1940 sancto
1096 1901 1144 1941 vos
1155 1898 1329 1956 vestrumque
1344 1890 1622 1959 praecellentissimum
1634 1892 1708 1962 geni·

67 1986 222 2041 incursione
234 1983 390 2038 eorumdem
409 1982 578 2037 inimicorum
593 1979 731 2049 impertire
755 1977 861 2034 debeat.
915 1988 999 2034 torem
1015 1992 1138 2046 ungens,
1153 1979 1308 2034 caelestibus
1332 1981 1443 2050 replevit
1465 1980 1707 2051 benedictionibus,

66 2075 233 2145 l‘raecipicns
249 2072 456 2140 Beneventanis,
474 2081 555 2142 atque
573 2070 728 2140 Spoletinis,
744 2084 792 2125 sen
806 2069 862 2124 Tu·
915 2080 941 2124 et
954 2082 1074 2123 seaeant
1088 2083 1163 2124 suam
1178 2069 1339 2125 catholicam
1367 2080 1395 2126 et
1418 2075 1591 2142 apostolicam
1620 2075 1709 2129 Eccle-

71 2170 162 2222 scauis
176 2164 284 2223 nobiae
303 2165 391 2220 vicino
411 2163 630 2228 consistentibus,
644 2173 672 2216 ut
697 2162 746 2230 ipsi
771 2173 863 2218 nostro
915 2167 1087 2236 marmorque
1102 2165 1279 2220 ortbodoram
1301 2165 1515 2222 christianornm
1533 2168 1612 2221 iidem
1634 2167 1710 2223 vobis

69 2266 214 2312 occurrant
227 2256 336 2312 solelio·
350 2255 531 2325 Dcpreeanlcs
545 2265 572 2310 el
586 2254 637 2309 hoc
651 2269 666 2308 lt
680 2254 734 2309 Deo
753 2253 863 2310 lttsbitl·
915 2259 1050 2315 connnisit
1065 2260 1244 2323 exaltandam,
1257 2268 1337 2330 atque
1361 2259 1475 2316 viriliter
1500 2259 1709 2314 defendendam.

69 2361 125 2406 tarn
141 2350 329 2406 excellentiam
345 2359 463 2405 vestram
481 2357 509 2403 ut
522 2350 555 2401 ad
569 2362 618 2402 nos
633 2345 683 2402 boc
707 2347 865 2402 adveniente
916 2352 992 2419 ernd
1012 2351 1132 2421 prolecto
1155 2353 1372 2408 excellentissimi
1396 2352 1463 2418 lilii,
1488 2353 1603 2422 Spiritus
1623 2354 1709 2408 sancti

73 2445 169 2501 barrio
184 2458 277 2499 rviertse
291 2453 410 2498 restrum
421 2442 537 2512 dirigere
548 2440 665 2511 jubeatis
679 2437 802 2506 missum,
819 2443 864 2511 qni
916 2447 1000 2516 gratia
1026 2445 1132 2515 repleti,
1146 2454 1174 2499 el
1196 2445 1300 2500 coeiesti
1327 2446 1495 2515 protectione
1517 2447 1610 2516 adjuti,
1631 2462 1711 2518 agere

68 2540 118 2597 laic
133 2540 225 2596 ilomae
244 2540 383 2596 nobiscnm
411 2519 545 2594 demorari
567 2540 675 2604 debeat,
701 2547 729 2593 ut
753 2540 821 2610 ipse,
841 2539 864 2594 si
917 2539 979 2592 totis
992 2537 1094 2592 nisibus
1105 2536 1247 2606 statuistis,
1260 2548 1287 2594 et
1300 2548 1390 2594 vestro
1412 2541 1511 2594 anxilio
1524 2551 1604 2608 atqrtc
1623 2550 1711 2596 certa-

68 2635 218 2690 necessitas
231 2633 361 2704 exegerit,
381 2635 451 2703 apud
472 2632 640 2688 besidcrium
662 2632 805 2687 imminere
818 2631 866 2686 de·
917 2631 989 2686 minc
1000 2631 1058 2700 ipsa
1072 2639 1162 2685 sancta
1175 2632 1221 2687 liei
1233 2630 1365 2697 scelesta.
1375 2633 1502 2702 spiritalis
1513 2644 1597 2688 nratcr
1611 2641 1709 2701 vestra,

71 2726 133 2782 beat
148 2740 237 2796 regem
250 2740 298 2795 pro
313 2726 409 2780 eodem
427 2724 505 2779 nobis
527 2722 733 2778 transmittendo
747 2721 864 2776 solatio:
917 2721 952 2776 ab
963 2723 1132 2778 inimicorum
1149 2724 1253 2779 insidiis
1270 2723 1394 2789 liberata,
1419 2727 1536 2780 exsolvat
1551 2729 1577 2780 in
1599 2726 1712 2781 Domino

65 2817 145 2891 onia,
159 2828 186 2872 nt
202 2816 355 2888 plenissime
372 2815 506 2871 satisfacta
529 2826 570 2872 est
592 2824 679 2872 restra
695 2815 865 2882 excellentia,
917 2813 981 2872 lesu
994 2813 1114 2882 cbristo,
1130 2828 1157 2873 et
1171 2818 1199 2873 in
1215 2829 1361 2887 conspectu
1375 2821 1523 2876 divinitatis
1534 2833 1622 2878 restra
1636 2822 1713 2882 ellui-

66 2922 126 2964 non
153 2905 279 2962 abaliud
306 2906 355 2977 ipsi
386 2904 572 2961 nefandissimi
594 2919 644 2960 nos
671 2915 867 2976 persequuntur
918 2908 1143 2977 gentpiaopera,
1159 2919 1262 2965 etcum
1278 2910 1454 2982 bavidatquc
1474 2914 1619 2967 Saltouronc
1639 2913 1710 2984 ragi-

72 2999 180 3066 Grteci,
209 2996 260 3054 nisi
292 3009 400 3070 propter
432 3008 551 3052 sanctam
578 3006 605 3052 et
631 2996 807 3053 ortlrodosanv
837 2997 867 3050 li·
920 2998 1382 3070 bus,elcaaterisl)eierritoribus,
1402 3015 1489 3060 vestra
1509 3009 1535 3060 in
1558 3007 1713 3063 celestibus

71 3099 150 3159 dem,
178 3106 205 3151 el
229 3095 407 3152 venustandam
434 3094 542 3150 Parrum
570 3097 640 3163 piam
670 3096 865 3161 traditionem,
920 3095 1011 3164 regnis
1025 3095 1140 3162 ascripta
1155 3107 1217 3149 sunt
1233 3096 1351 3150 notariam.
1367 3098 1468 3151 interea
1483 3097 1545 3153 dtrrn
1570 3108 1644 3153 taam
1665 3114 1712 3154 re·

67 3199 100 3245 ct
123 3202 201 3260 quam
225 3190 335 3258 cupiunt
357 3188 494 3242 destruere
515 3199 595 3259 atquc
618 3189 785 3243 conculcare.
815 3187 867 3243 Pro
920 3193 976 3240 stro
992 3185 1123 3241 bertellcio
1137 3187 1321 3256 dignoscimur
1333 3203 1394 3243 esse
1415 3189 1536 3255 relevati,
1560 3203 1636 3244 arnor
1664 3204 1713 3244 nos

72 3297 126 3352 arao
146 3282 238 3349 jubeat
262 3280 341 3335 solite
367 3287 455 3333 restra
479 3278 594 3347 benigna
613 3279 758 3349 disponere
779 3279 867 3334 excel·
920 3273 1054 3343 bortatur,
1069 3275 1289 3332 Clari—tianissimi
1304 3292 1335 3332 ac
1347 3279 1492 3334 dulcissimi
1507 3279 1565 3350 lilii,
1581 3281 1712 3336 devestra

73 3373 175 3436 lentia,
196 3381 223 3425 ut
251 3369 404 3425 eorumdem
429 3369 596 3424 inimicorum
621 3369 654 3423 ad
684 3370 794 3424 nibilum
823 3386 867 3426 re·
920 3367 1099 3437 prosperitate
1112 3367 1206 3423 sedule
1221 3369 1369 3434 addiscere,
1386 3371 1413 3423 in
1436 3367 1550 3426 Domino
1573 3374 1710 3440 gratniari.

921 3458 955 3515 Et
968 3460 1029 3516 ideo
1046 3461 1208 3517 visitationis
1220 3471 1298 3530 atque
1317 3461 1483 3517 salutationis
1495 3472 1605 3532 paterno
1616 3467 1711 3520 allecta

920 3552 962 3608 lris
978 3554 1080 3608 nostris
1095 3552 1251 3620 apostolicis
1275 3554 1395 3620 apicibus
1419 3553 1597 3622 persolvimus
1621 3558 1712 3611 rincu-

68 3463 180 3534 lligatnr
204 3464 323 3530 vesania,
343 3472 370 3516 et
384 3461 526 3531 perfectius
545 3462 601 3516 trae
619 3463 765 3530 provincia,
778 3471 868 3547 vestro

73 3557 220 3612 certamine
233 3559 385 3625 redempta,
400 3566 426 3610 et
436 3571 451 3608 a
462 3555 537 3610 robis
551 3555 629 3610 beato
653 3556 733 3611 Petro
753 3572 801 3626 pro
826 3573 867 3611 ra-

74 3650 165 3706 medio
179 3651 277 3703 arrirnae
289 3659 386 3703 vestre
399 3661 537 3711 concessa,
546 3648 580 3700 ab
590 3648 746 3703 amulorum
763 3648 868 3704 insidiis

74 3750 131 3796 luta
148 3750 235 3794 vestra
247 3749 375 3793 consueta
389 3747 543 3807 ptertnaneal
555 3739 728 3806 protectione,
738 3739 867 3810 vobisque

72 3834 184 3904 copiosa
199 3833 225 3886 in
241 3831 316 3886 omlis
330 3829 479 3884 ascribatur
492 3845 607 3896 merces,
618 3841 646 3887 sl
656 3832 771 3886 norrrinis
785 3830 867 3886 vestri

73 3928 145 3994 lans,
155 3934 182 3981 et
193 3927 324 3981 aniversae
335 3923 421 3997 gentis
435 3921 572 3988 exaltatio,
585 3921 654 3976 sicut
666 3933 692 3976 et
702 3920 757 3992 jam
769 3922 867 3976 lactum

77 4027 130 4084 eal,
143 4031 213 4071 nunc
228 4018 310 4071 mutilo
324 4015 438 4084 amplius
452 4014 480 4068 in
501 4012 625 4068 uniuerso
649 4012 713 4067 orbe
737 4020 867 4068 terrarum

79 4109 251 4178 dirulgelnr3
267 4118 346 4176 atque
360 4105 543 4162 intercedente
557 4107 634 4161 beato
650 4104 730 4160 Petro
746 4106 868 4162 victoriae

919 3645 986 3710 inm,
1002 3660 1166 3715 magnopere
1178 3656 1336 3714 praesentem
1353 3646 1601 3717 inrumpentium
1617 3649 1711 3705 delen·

919 3753 1010 3794 samm
1033 3748 1132 3794 sancta
1145 3750 1242 3793 nostrae
1258 3737 1396 3802 Ecclesia,
1414 3749 1588 3809 nostrumque
1605 3739 1710 3797 ddeiem

920 3833 1030 3888 missam
1046 3832 1079 3887 ad
1095 3845 1210 3887 vestram
1232 3830 1378 3899 dirigentes
1402 3833 1601 3898 excellentiam,
1618 3844 1711 3903 priate·

919 3938 971 3980 nus
987 3923 1193 3979 desiderabilem
1206 3936 1296 3979 nostra
1307 3925 1366 3979 vice
1378 3925 1475 3980 relevat
1485 3926 1609 3981 salntem.
1628 3928 1712 3994 Quem

920 4016 1036 4086 petimus
1050 4016 1163 4085 benigne
1176 4029 1191 4069 a
1202 4016 1280 4070 vobis
1290 4016 1437 4086 suscipiet
1451 4015 1485 4072 de
1496 4025 1582 4071 vestra
1595 4033 1642 4087 per
1651 4034 1712 4073 orrm

919 4108 1047 4173 sospitate
1058 4120 1106 4161 nos
1118 4115 1208 4163 certos
1220 4108 1347 4178 latosque
1359 4108 1433 4162 reddi
1444 4125 1452 4171 ;
1468 4107 1566 4163 obnixe
1581 4119 1713 4178 petentes,

78 4205 245 4269 triumplmm
262 4201 357 4256 comio
372 4199 448 4256 vobis
462 4200 590 4255 [lominus
603 4214 684 4269 super
701 4215 796 4257 omnes
821 4202 868 4257 tri·
919 4195 1072 4254 dulcissima
1084 4198 1141 4264 dlii,
1152 4199 1337 4256 excellentiam
1352 4210 1486 4265 vestram,
1501 4209 1531 4255 ut
1545 4201 1587 4270 pia
1602 4202 1713 4272 vestigia

75 4294 138 4348 buat
150 4288 242 4365 genles
254 4311 262 4360 ;
274 4292 337 4347 dnm
352 4293 551 4349 vestroauxilio
569 4293 687 4349 confusis
704 4305 867 4366 expugnata.
918 4300 1071 4358 sequentes,
1088 4288 1237 4344 irnitatorcs
1256 4288 1410 4345 efficiamini
1427 4289 1641 4347 Cirristianomm
1664 4307 1712 4363 pa·

76 4384 150 4437 ribus
162 4392 261 4437 sanctae
276 4382 432 4437 orthodoxas
446 4383 519 4451 lidei,
532 4399 582 4454 pat
597 4393 624 4440 et
634 4385 725 4439 laetitia
737 4393 764 4440 et
774 4386 868 4442 obser·
919 4388 1024 4435 rentum
1041 4390 1208 4449 vestrorum,
1223 4381 1266 4435 ill
1282 4395 1377 4450 ”⁰¹⁰9ss
1392 4393 1418 4437 0¹
1432 4380 1537 4453 limiti,
1555 4391 1637 4454 alille
1663 4399 1714 4439 ⁰¹·

77 4473 370 4530 vatioCbristianornm
384 4470 446 4529 lidei
459 4474 486 4529 in
496 4475 620 4531 omnibus
635 4476 776 4544 praedicata
788 4478 866 4533 inerit
882 4473 1106 4568 „attentissimi
1118 4484 1143 4529 et
1158 4489 1172 4528 a
1188 4473 1243 4528 lieo
1254 4474 1368 4529 instituti
1383 4479 1470 4542 inagni
1487 4475 1559 4546 regis
1584 4475 1714 4543 genitoris

78 4565 216 4630 Ecclesiis,
232 4566 426 4634 moritoouocr
451 4567 502 4621 boc
524 4568 644 4623 coelcstia
668 4570 743 4625 robis
769 4584 784 4624 a
813 4570 869 4627 lieo

77 4653 251 4710 conteramur
264 4656 369 4724 gaudia.
381 4656 542 4712 incolumem
554 4658 738 4714 excellentiam
753 4671 867 4718 vestram

78 4746 164 4815 gratia
177 4758 292 4817 superna
302 4748 444 4803 custodiat.

342 4883 508 4940 corstona
535 4883 600 4939 t'ttl.

75 5011 111 5050 an
130 5007 253 5048 cutosmt
272 5008 305 5048 er
324 5007 536 5061 musonianus,
559 5011 652 5051 arvatru
666 5008 745 5052 nscia
772 5010 868 5054 vittas.

75 5105 177 5160 talcar
190 5106 260 5171 illos,
275 5117 300 5160 et
314 5107 433 5162 borlomr
446 5119 473 5164 ul
487 5109 514 5164 in
528 5110 622 5163 ruenda
637 5107 761 5165 sceleste
780 5111 870 5181 delen·

163 5178 237 5234 tione
248 5186 387 5249 parentant
400 5194 506 5235 sasmtn
520 5181 631 5253 uertiqlir
650 5183 778 5236 innatant.

113 5291 224 5346 oomnis
248 5292 423 5350 nobilissimis
449 5306 529 5368 atoue
549 5297 781 5355 excellentissimis
808 5297 870 5354 liliis

73 5379 213 5436 carmon
232 5381 412 5441 Carlomanno
423 5389 530 5458 regibus
539 5387 701 5446 Francorum
711 5399 738 5447 el
748 5390 869 5465 patriciis

75 5478 260 5534 itomanorortr
274 5477 371 5537 mutas
386 5497 462 5552 papa.

111 5564 183 5624 illim
198 5566 369 5638 omnipotens
382 5570 463 5638 Deris,
476 5589 591 5630 cernens
606 5574 696 5646 populi
711 5576 752 5632 sni
782 5576 868 5634 israe·

75 5659 144 5717 illici
157 5659 386 5731 bmenrstloaan,
401 5677 429 5720 et
442 5665 549 5736 impiam
566 5668 600 5723 ab
615 5665 750 5742 AEgyptiis
768 5669 868 5725 illatam

73 5752 298 5825 oppressionem,
326 5756 450 5812 misertus
472 5767 514 5815 est
536 5760 592 5830 eis,
607 5762 715 5817 mittans
740 5761 868 5819 lanvvtlmn

923 4567 1003 4620 vestri
1017 4574 1044 4620 el
1060 4563 1313 4634 percellentissimae
1337 4565 1473 4636 genitricis
1500 4575 1596 4619 restrae
1618 4580 1632 4615 a
1659 4563 1715 4618 lieo

920 4656 1114 4712 conservandae
1127 4660 1241 4726 raginm3
1257 4659 1302 4727 otti
1319 4672 1380 4712 rerc
1394 4672 1448 4725 prce
1461 4658 1586 4708 omnibns
1604 4653 1712 4723 regibus

921 4747 1013 4802 ddeles
1027 4747 1081 4802 [ico
1096 4757 1123 4802 et
1137 4750 1214 4803 bento
1226 4748 1305 4803 l‘etro
1320 4761 1381 4802 esse
1402 4746 1624 4811 conterebantur,
1640 4761 1712 4815 qno·

919 4854 979 4894 rum
998 4838 1091 4894 merita
1111 4839 1138 4894 in
1160 4839 1316 4895 coelestibus
1340 4839 1429 4907 regnis
1450 4836 1562 4907 luigent.
1590 4837 1666 4894 Unde
1686 4847 1713 4894 rt

921 4932 1035 5001 petimus
1049 4929 1329 4986 misericordissimam
1345 4929 1392 4984 bet
1415 4929 1498 4984 nostri
1525 4928 1713 4999 longanimita·

920 5032 974 5078 tem
987 5034 1015 5077 nt
1028 5038 1076 5079 sua
1089 5038 1139 5077 vos
1160 5023 1244 5093 gratia
1271 5031 1413 5093 protegens
1436 5025 1500 5080 aris
1523 5034 1550 5082 et
1577 5028 1714 5097 prosperis

921 5115 1087 5182 tentporibus
1114 5114 1212 5183 regalia
1239 5123 1344 5182 sceptra
1371 5117 1503 5172 concedat
1530 5118 1712 5188 perfruenda.

920 5206 1173 5263 dilatansterminos
1187 5207 1260 5277 regni
1275 5208 1368 5273 vestri,
1382 5218 1410 5266 et
1430 5211 1556 5270 victorias
1580 5214 1657 5270 vobis
1679 5215 1713 5270 de

919 5303 989 5356 creto
1004 5299 1113 5366 tribnat,
1129 5313 1277 5370 omnesque
1289 5298 1459 5360 adversarios
1479 5306 1576 5360 restris
1590 5316 1716 5372 proster-

919 5400 967 5448 nat
977 5390 1108 5460 vestigiis,
1121 5400 1149 5447 et
1169 5392 1237 5446 sicot
1251 5401 1402 5463 terrenam,
1427 5397 1462 5453 lta
1481 5405 1508 5451 et
1532 5397 1644 5452 coeleste
1669 5410 1712 5450 re·

919 5498 1002 5554 gnum
1017 5482 1093 5538 vobis
1107 5497 1155 5552 per
1168 5482 1270 5540 iullmta
1284 5487 1382 5542 secula
1396 5487 1493 5544 tribnat
1510 5486 1714 5557 possidendum.

920 5574 992 5631 Broc
1008 5575 1103 5630 valete.
