3832 6114
197 263 246 319 ast
602 260 632 318 s.
652 223 1223 321 irritemorilurrrlsnss.
1242 257 1414 316 manera.
1770 265 1823 319 sss

198 379 329 447 l'nqttsm,
343 388 393 431 neo
407 374 488 430 rubro
500 381 601 430 roraret
614 374 743 445 sanguine
758 382 875 446 martyr,

197 470 250 522 bnt
263 477 343 523 ettam
358 465 424 519 diris
437 464 547 521 arsisset
562 464 678 520 torribus
691 462 778 536 ignis;

197 562 322 615 Attamen
337 557 466 613 illustrem
481 555 582 613 meruit
593 559 728 614 confessio
742 557 869 628 palmam,

197 650 264 706 llum
280 666 355 707 mem
369 658 442 720 parta
456 649 506 705 fnit
520 652 613 707 mortis
627 650 780 707 discrimina
797 650 877 706 ferre.

197 742 245 796 llil:
260 740 357 811 praesui
369 739 467 812 jugiter
479 743 625 808 permansit
638 744 713 813 virgo
725 741 850 811 perennis

198 832 286 887 borrec
298 830 436 888 aetbsriam
450 833 528 889 miles
542 835 668 904 migraret
680 832 707 887 in
720 833 819 896 aulam,

197 925 330 996 angelicis
345 932 439 982 rectus
451 926 513 983 cmii
527 926 561 982 ad
574 941 694 984 convexa
707 928 832 982 cateruis.

232 1017 409 1089 Temporibus
423 1019 517 1088 priscis
528 1018 696 1075 renmaudos
709 1016 812 1073 Gracia
824 1026 913 1086 patres

197 1107 295 1175 Edidit,
310 1124 343 1164 ex
357 1123 470 1179 quorum
484 1123 597 1165 numero
610 1108 800 1164 celeberrimus
810 1115 898 1163 exstat

196 1198 340 1266 Gregorius
353 1199 425 1267 felir,
437 1197 507 1254 fama
520 1213 601 1269 super
612 1197 713 1255 athera
726 1204 817 1264 notus,

195 1288 281 1354 Quem
296 1288 367 1343 deus
379 1288 486 1345 edouuit
496 1289 625 1345 mnndum
639 1303 748 1344 serrare
761 1289 888 1359 pudorem

195 1376 332 1446 Corporis,
344 1385 372 1433 et
383 1386 465 1434 casta
479 1379 641 1450 conjungere
656 1378 755 1435 foedera
769 1380 875 1434 mentis.

195 1465 326 1535 Tempore
341 1482 402 1523 nam
415 1469 528 1539 quodam
543 1471 664 1540 geminas
679 1483 726 1539 per
740 1471 843 1526 somnia
858 1483 972 1524 cernens

196 1555 323 1626 Virginea
338 1557 405 1613 ri'dit
419 1558 551 1629 fulgentes
565 1559 632 1615 dore
646 1559 760 1629 puellas,

195 1649 267 1714 Quas
277 1648 324 1705 ille
338 1649 470 1718 aspiciens
484 1651 566 1706 torris
579 1651 715 1708 obtutibus
729 1650 830 1718 horret,

195 1739 338 1794 femineos
352 1741 476 1809 quoniam
487 1755 540 1796 uon
553 1743 634 1814 gestit
648 1757 759 1799 cernere
771 1743 870 1799 ruitur.

195 1829 263 1884 Tum
278 1836 399 1884 sarratam
413 1829 526 1900 placidis
539 1832 701 1901 compellant
711 1831 821 1889 vocibus
833 1832 918 1889 amba
931 1849 938 1888 :

194 1919 234 1974 lte
246 1919 363 1988 grauiter
372 1918 478 1990 juvenis
489 1921 598 1976 devotas
612 1934 709 1990 sperne
721 1922 835 1991 puellas,

196 2009 306 2080 Nenque
320 2011 470 2082 indignatus
485 2013 588 2068 uultum
603 2024 747 2071 contemne
759 2029 893 2084 sororum,

196 2103 262 2156 Duru
278 2102 323 2158 tibi
338 2112 467 2175 perpetuu
480 2101 571 2159 fratris
585 2105 742 2175 copulamur
756 2120 858 2164 amore.

196 2193 261 2248 llam
277 2192 353 2249 nubis
368 2194 494 2250 mundum
511 2193 625 2251 tribuisti
640 2197 667 2250 in
678 2195 760 2253 corde
773 2196 912 2263 sacellum,

195 2285 253 2352 Quo
265 2285 443 2355 jucundantes
456 2300 563 2355 semper
576 2287 733 2343 lactabimur
746 2289 841 2344 amba.

194 2375 299 2442 Frater,
315 2376 430 2432 amicitia
448 2393 581 2448 nunquam
596 2377 757 2435 fraudabere
772 2389 862 2435 uostra
879 2397 885 2434 ε

194 2467 284 2524 Altera
298 2467 436 2538 virginitas
451 2466 565 2522 fecundo
579 2467 647 2525 liure
663 2479 789 2534 rucatnr;

194 2560 284 2615 Altera
299 2560 412 2632 gestabit
426 2558 511 2616 solers
524 2560 654 2630 sapientia
669 2576 778 2616 norrrerr.

195 2649 226 2703 Et
240 2662 332 2704 sumus
345 2649 471 2719 angelicis
486 2651 574 2704 irrisam
586 2650 620 2705 de
632 2650 740 2706 sedibus
753 2650 853 2718 istisne,

195 2738 230 2797 fit
243 2751 329 2795 tecum
341 2750 465 2796 marceant
477 2750 575 2797 trustra
587 2744 721 2798 cotrsortia
731 2745 802 2798 vitm.

231 2831 345 2888 Basilius
356 2834 489 2903 quondam
504 2834 643 2890 doctorum
659 2834 790 2891 suasimus
804 2847 897 2891 auctor

195 2924 320 2981 Corruidit
334 2926 467 2998 egregiam
477 2926 568 2983 divino
582 2930 706 2998 dogmate
722 2928 805 2999 legem
821 2944 828 2983 ι

194 3018 278 3087 Aqua
292 3016 421 3088 processit
434 3017 535 3073 librata
549 3021 671 3076 normula
686 3019 757 3085 rita,
872 3010 874 3014 ’

198 3108 310 3180 llergcre
322 3125 380 3179 quae
396 3109 496 3165 nullum
512 3109 583 3165 laxat
595 3111 646 3165 snb
661 3112 876 3180 ponderassem,

196 3198 319 3254 Trutinat
332 3199 441 3266 electos,
457 3199 504 3254 sed
515 3200 585 3269 justa
597 3201 672 3255 lance
687 3201 780 3271 libelli,

195 3289 310 3346 Alternis
334 3288 436 3346 uicibus
463 3288 565 3364 [fiori.
587 3289 772 3364 Vocibusalt.]
788 3292 903 3348 reddens
921 3308 981 3347 ora·

790 3384 857 3458 [cula
871 3387 980 3453 satietis,

194 3474 313 3542 Qualiter
326 3485 531 3555 orneturperax
540 3476 688 3547 leonarrdia
702 3474 826 3544 fratrum,

193 3566 228 3621 Et
238 3565 318 3634 justas
329 3566 426 3635 jugiter
439 3566 584 3636 fulgescant
599 3566 698 3622 foedera
715 3572 821 3624 ruentis.

195 3656 248 3712 Nec
260 3673 311 3713 nou
327 3657 427 3714 diserto
440 3658 552 3729 digessit
565 3659 663 3715 famine
674 3658 779 3725 librum,

194 3748 284 3803 Prima
298 3760 447 3806 creatarum
462 3750 620 3818 pandentem
635 3753 855 3817 semipuerum,

194 3838 313 3906 Qualiter
328 3848 443 3894 aeternna
457 3840 599 3910 plasmaret
609 3843 708 3897 saecula
720 3849 818 3906 rector,

195 3930 306 3998 Quoque
321 3937 458 3997 potentatu
474 3932 630 3998 quadratum
646 3932 774 3988 conderet
788 3934 890 3997 orbern,

195 4016 330 4073 Materiam
346 4017 436 4072 muudi
450 4018 604 4072 discernens
617 4017 711 4073 ordine
726 4029 811 4088 recto,

195 4111 281 4164 Aurea
294 4109 387 4163 deteri
402 4109 464 4162 ditm
481 4108 577 4162 format
591 4109 676 4163 sidera
692 4111 766 4165 coeli.

195 4197 262 4253 ilinc
273 4199 350 4254 nobis
365 4200 448 4253 oritur
459 4198 549 4253 aruitdi
563 4202 696 4255 nascentis
710 4202 796 4272 origo,

194 4289 308 4345 cuderet
319 4300 347 4344 ut
358 4281 577 4347 summus'rerum
592 4293 727 4350 molimina
739 4296 871 4368 princeps,

197 4382 246 4437 ilic
257 4396 286 4436 se
299 4381 445 4454 uirgineum
457 4384 546 4453 prodit
560 4399 681 4441 seruasse
697 4389 834 4456 pudorem,

195 4474 295 4530 Taliter
307 4475 442 4530 affirmans
458 4475 575 4547 perfeeto
587 4477 683 4532 tantine
696 4481 790 4546 praesul
803 4497 810 4534 ε

199 4584 209 4616 c
233 4565 356 4622 Turninea
371 4581 487 4636 praeccps
502 4569 615 4640 cognovi
625 4583 738 4641 corpora
752 4587 896 4641 tranquaut,

197 4658 252 4713 Nec
266 4661 338 4729 tetigi
353 4660 457 4728 protritus
469 4660 614 4716 muliebres
630 4665 743 4730 turpiter
753 4673 844 4730 artus;

198 4747 256 4802 Non
269 4758 357 4802 tarnem
373 4750 497 4805 immunis
512 4751 648 4806 vocitabor
661 4752 769 4808 urimiue
782 4754 868 4824 uirgo.
888 4773 897 4808 r

234 4840 322 4894 Edidit
334 4840 450 4910 insigtres
462 4840 539 4896 tellus
551 4841 720 4908 bfempbibcn
735 4851 834 4912 patret,

197 4930 295 4985 Lucida
311 4943 445 4999 perpetum
455 4943 603 4986 mercantes
616 4947 725 4986 ruurrera
737 4933 809 4988 uitae.

199 5020 220 5074 E
234 5036 347 5088 equorum
360 5036 472 5076 numero
487 5021 603 5090 pollebat
614 5031 686 5079 sorte
697 5024 773 5078 beata

196 5110 310 5165 Nomine
322 5110 424 5166 famoso
435 5110 497 5168 felis
512 5114 643 5170 domnius
656 5127 759 5179 auctor.
794 5113 798 5121 “

198 5201 307 5257 Summa
318 5215 494 5271 supernorum
507 5208 668 5276 conquirens
679 5223 758 5280 regna
774 5211 907 5279 polorum.

999 368 1097 435 Allis,
1113 371 1230 442 inquam,
1246 371 1349 427 monuit
1359 372 1489 427 certorum
1501 387 1583 445 regna
1594 384 1742 444 merentes,

1036 462 1169 531 Spernere
1182 461 1302 531 delicias,
1316 474 1343 518 et
1354 463 1445 519 mnudi
1458 465 1579 535 linquere
1589 482 1679 538 gazas,

1036 551 1126 606 Ardua
1139 552 1246 623 sectari,
1259 568 1310 609 nec
1322 569 1374 610 nou
1386 555 1485 612 dercxa
1500 572 1605 613 curere.

1036 645 1105 701 bum
1117 647 1199 703 calles
1212 647 1312 719 gemini
1330 649 1431 720 dispari
1457 652 1561 709 tramite
1580 651 1702 721 tendam,

1036 737 1111 794 Unus
1120 738 1147 794 iu
1158 738 1283 814 etberios
1295 755 1343 810 per
1353 741 1414 797 eoeli
1428 742 1542 798 culmina
1561 757 1681 812 eampos,

1036 829 1162 886 Alterais
1173 829 1288 887 Erebum
1300 831 1394 886 lustrat
1405 832 1464 889 sine
1475 833 1527 889 fane
1545 833 1714 904 profundum.

1035 919 1118 989 Cujus
1129 919 1274 977 clarificam
1286 921 1331 992 qui
1342 921 1444 978 malunt
1458 937 1569 980 noscere
1578 923 1670 991 uitam,

1034 1011 1161 1079 Qualibus
1171 1012 1198 1068 in
1212 1013 1313 1069 mundo
1322 1014 1404 1085 signis
1417 1015 1545 1072 effulserit
1562 1017 1659 1088 almus,

1035 1105 1148 1176 Quoque
1158 1106 1238 1162 modo
1248 1098 1359 1178 spurcas
1369 1109 1471 1165 curarit
1483 1123 1597 1180 corpore
1610 1109 1700 1166 clades
1708 1127 1722 1179 ,·

1036 1194 1096 1250 bira
1110 1195 1249 1254 salutifero
1259 1207 1413 1256 restaurans
1424 1199 1515 1257 ulcera
1525 1201 1593 1266 fotu,

1035 1283 1155 1353 Qualiter
1170 1295 1201 1341 ut
1211 1287 1330 1345 medicus
1341 1292 1500 1362 populorum
1511 1292 1629 1362 pestibus
1643 1294 1753 1352 obstant

1035 1378 1155 1435 llorbida
1167 1381 1269 1437 sanatis
1279 1394 1421 1440 renovaret
1432 1384 1533 1440 uiscera
1548 1385 1632 1453 ibris,

1034 1469 1093 1524 Non
1107 1469 1197 1541 pigeat
1207 1485 1318 1542 prorsus
1331 1474 1428 1530 seriem
1442 1486 1576 1544 spectasse
1588 1477 1680 1544 libelli,

1035 1563 1064 1618 lu
1077 1578 1130 1633 quo
1141 1563 1295 1622 scribuntur
1304 1564 1415 1623 uirtutes
1427 1567 1499 1623 illius
1509 1569 1615 1638 amplae.

1073 1654 1148 1710 fland
1163 1665 1279 1712 secuset
1291 1655 1388 1713 Paulus
1409 1658 1491 1730 signis
1509 1673 1591 1730 snper
1610 1659 1711 1715 arbem
1731 1671 1820 1730 notus,

997 1717 1022 1778 B
1036 1744 1165 1801 Omnibus
1175 1753 1202 1802 et
1215 1745 1303 1816 regnis
1317 1761 1376 1817 quse
1391 1747 1505 1809 lustrant
1516 1749 1614 1803 lumina
1626 1750 1731 1815 Phoebi.

1036 1835 1087 1891 Per
1097 1833 1204 1892 deserta
1219 1834 1268 1893 fnit
1279 1851 1332 1905 qno
1346 1852 1401 1893 non
1413 1839 1670 1907 praestantiorum,

1035 1924 1133 1980 Tendit
1144 1924 1177 1982 ad
1194 1935 1294 1982 aterna
1305 1926 1366 1982 felir
1378 1926 1529 1984 babitacula
1541 1930 1627 1985 miles.

1037 2013 1112 2072 ilum
1126 2031 1208 2088 gener
1218 2015 1318 2072 infidus
1329 2018 1470 2087 strophoso
1492 2017 1586 2075 fallere
1599 2028 1674 2090 gestu

1034 2106 1125 2163 ilaluit
1136 2108 1281 2176 insontem,
1297 2107 1468 2177 disrumpens
1481 2108 1582 2166 foedera
1597 2110 1687 2181 pacis:

1034 2198 1136 2254 ideirco
1150 2198 1253 2272 lugiens
1263 2201 1360 2271 quaerit
1370 2201 1422 2256 sub
1436 2217 1502 2270 rupe
1517 2201 1643 2270 latebras,

1035 2289 1123 2346 Donec
1135 2289 1242 2345 tortoris
1253 2290 1316 2345 saevi
1329 2300 1462 2346 tormenta
1473 2289 1607 2357 fatiscant,

1036 2379 1068 2434 Et
1079 2393 1171 2436 rursus
1182 2378 1287 2450 placido
1297 2379 1403 2436 latetur
1419 2390 1538 2450 tempore
1552 2380 1677 2438 mundus.

1033 2469 1117 2537 Quem
1128 2471 1212 2525 nutrit
1222 2471 1248 2525 in
1262 2480 1356 2543 crypta
1370 2471 1477 2542 palmeti
1493 2470 1615 2542 dactylus
1628 2483 1712 2539 arcta,

1033 2560 1067 2616 Et
1076 2560 1174 2616 fruitur
1183 2560 1255 2617 iuliis
1267 2576 1315 2631 pro
1325 2562 1416 2631 aprico
1426 2562 1542 2632 tegmine
1559 2560 1640 2631 pepli.

1032 2652 1098 2708 llam
1112 2652 1172 2709 sitis
1185 2650 1309 2708 ardorem
1324 2652 1447 2709 demebat
1461 2654 1565 2724 gurgite
1580 2651 1669 2708 fontis.

1033 2744 1117 2810 Quem
1129 2757 1201 2809 mox,
1212 2750 1242 2798 ut
1255 2742 1355 2811 genuit.
1368 2742 1472 2799 telluris
1487 2744 1575 2814 glarea
1591 2744 1714 2814 glaucum

1032 2831 1134 2887 Rursus
1149 2832 1177 2887 in
1192 2830 1329 2902 obliquum
1350 2831 1443 2888 latices
1452 2831 1585 2887 effuderat
1595 2842 1712 2898 antrum,

1031 2924 1123 2994 Aliger
1136 2934 1189 2979 tam
1203 2938 1307 2994 praepes
1317 2925 1409 2995 gracili
1420 2927 1567 2981 nutrimine
1579 2924 1658 2980 farris

1033 3012 1181 3070 Pancratin
1192 3015 1381 3085 specnpstmse
1392 3014 1441 3071 sub
1456 3014 1595 3071 frondibus
1616 3015 1696 3079 altis:

1033 3102 1081 3161 Cui
1093 3104 1291 3159 ianrulabantur
1301 3113 1390 3176 spreta
1402 3105 1506 3161 feritate
1518 3107 1624 3172 leuues,

1033 3200 1118 3265 Atque
1128 3194 1182 3266 lupi
1194 3195 1301 3251 rabidos
1308 3195 1388 3265 jussit
1398 3196 1538 3252 nritescere
1548 3197 1640 3252 rictus.

1033 3286 1143 3343 l'ixerat
1155 3289 1182 3343 in
1195 3289 1285 3359 terris,
1296 3291 1398 3345 eoelesti
1413 3305 1525 3346 munere
1535 3292 1627 3358 fretus,

1033 3378 1165 3436 [indecies
1179 3379 1273 3447 destos,
1286 3390 1313 3436 et
1329 3389 1383 3436 tres
1399 3381 1509 3436 feliciter
1522 3397 1617 3449 anatis.

1030 3468 1106 3524 Tuae
1118 3471 1236 3536 demum,
1247 3471 1373 3526 setin-reis
1386 3473 1499 3541 stipatus
1510 3471 1571 3542 jure
1583 3476 1708 3541 cateruis,

1031 3563 1079 3615 luit
1088 3561 1121 3615 ad
1133 3563 1223 3617 aeterni
1234 3569 1324 3618 castus
1334 3567 1467 3618 consortia
1479 3567 1564 3632 regni,

1030 3653 1207 3723 Perccpturus
1224 3654 1250 3708 iu
1265 3655 1371 3709 excelso
1386 3670 1452 3709 noua
1469 3656 1564 3726 gandia
1578 3659 1671 3712 uictor.

1064 3745 1119 3798 ilec
1130 3758 1194 3807 non,
1207 3743 1305 3799 eximia
1319 3744 1448 3800 uirtutum
1462 3747 1544 3815 gratia
1557 3746 1650 3815 fretus,

1030 3833 1146 3890 Plurima
1163 3835 1276 3903 patrarit
1286 3817 1478 3908 dese'rtosigna
1493 3839 1624 3908 stupenda

1031 3927 1150 3983 llilarinn
1161 3927 1224 3983 felix
1236 3929 1339 3984 famoso
1353 3930 1462 3985 nomine
1472 3928 1569 3999 dietus,

1030 4016 1115 4085 Quem
1131 4032 1248 4086 praesens
1261 4019 1355 4073 crebro
1366 4018 1481 4075 mundus
1492 4034 1599 4074 rumore
1613 4019 1742 4076 celebrat.

1033 4107 1099 4162 butu
1122 4108 1234 4177 cupidus
1250 4109 1330 4177 gestit
1349 4123 1468 4163 normam
1492 4112 1657 4179 aequiparare
1678 4115 1816 4184 magistri,

1031 4200 1065 4256 iit
1078 4199 1205 4255 simulare
1218 4198 1258 4254 sui
1271 4199 1327 4271 jam
1341 4201 1530 4270 perpendicula
1544 4205 1637 4273 patris.

1032 4291 1080 4347 llic
1093 4293 1184 4347 stricta
1197 4305 1294 4361 corpus
1307 4292 1426 4348 frenabat
1441 4293 1498 4360 lege
1513 4298 1646 4364 petulcum

993 4380 1143 4464 „Tumida
1157 4381 1262 4437 lascire
1276 4380 1386 4438 demens
1397 4383 1517 4440 incendia
1541 4387 1638 4441 carrlia.

1030 4472 1132 4541 Quique
1154 4470 1293 4529 titillantes
1316 4473 1417 4541 sprevit
1444 4474 1588 4543 primordia
1616 4475 1710 4545 tusus,

1032 4562 1119 4617 Prima
1130 4562 1277 4632 iuventutis
1289 4565 1398 4621 calcans
1413 4564 1513 4620 ludicra
1528 4580 1621 4623 severe

1032 4654 1132 4708 Clarnit
1143 4653 1270 4726 AEgppto,
1284 4654 1354 4725 quod
1369 4655 1490 4710 strictum
1510 4658 1629 4728 carmine
1644 4658 1744 4728 pando.

1031 4739 1096 4795 Nam
1108 4742 1222 4812 gipsum,
1234 4747 1346 4797 miseros
1357 4744 1428 4812 quud
1439 4741 1537 4798 dodum
1549 4741 1671 4798 faucibus
1681 4744 1748 4798 atris

1031 4831 1140 4887 Sorbnit
1153 4832 1309 4902 indigenas,
1324 4831 1439 4888 danrmis
1456 4830 1602 4889 combussit
1615 4848 1744 4904 enorme,

1032 4921 1099 4977 Dum
1110 4937 1190 4993 rogus
1201 4924 1299 4993 ingenti
1315 4923 1448 4993 lignorum
1460 4923 1553 4981 fomite
1560 4925 1676 4997 flagrans

1032 5000 1189 5081 Reptantem
1203 5012 1228 5068 in
1245 5028 1342 5082 prunas
1352 5016 1516 5087 consumpsit
1528 5025 1601 5074 torre
1612 5018 1780 5088 chelydrum.

1032 5102 1150 5173 lienique
1161 5116 1221 5157 cum
1238 5103 1322 5174 pelagi
1340 5106 1473 5160 snoutauis
1486 5105 1609 5162 ductibus
1628 5108 1691 5163 olim

1030 5194 1149 5266 AEqnora
1166 5210 1212 5264 per
1227 5197 1325 5252 vitreos
1336 5197 1461 5253 bullirent
1473 5197 1574 5269 turgida
1589 5216 1709 5272 caespes,

199 5292 246 5348 llic
270 5291 370 5360 primus
393 5291 483 5346 docuit
503 5294 621 5350 uultures
644 5299 742 5355 ordina
760 5299 862 5372 [Βοωη
877 5303 978 5375 pcepta]
1029 5287 1173 5358 Pristaque
1188 5297 1343 5356 turgescens
1356 5306 1408 5346 rron
1420 5301 1512 5347 nosset
1525 5291 1613 5346 littora
1629 5304 1746 5364 pontus,

719 5418 722 5435 .
803 5398 807 5406 ·
863 5393 980 5467 [sanem
1029 5380 1132 5436 lierula
1152 5376 1301 5452 doctiuagis
1313 5382 1360 5436 sed
1374 5392 1485 5453 reg-nant
1498 5384 1612 5440 molibus
1627 5386 1696 5451 alta,

196 5478 321 5546 squalida
334 5493 382 5548 per
397 5480 481 5536 saltus
496 5491 618 5551 peterent
634 5491 663 5536 nt
676 5498 739 5538 rura
753 5484 885 5552 locorum.

196 5568 224 5620 ln
237 5570 297 5637 quis
313 5572 532 5643 contemplativos
545 5575 688 5644 decerpere
700 5575 801 5630 fructus

199 5657 317 5728 fussent,
333 5670 360 5720 ct
371 5663 469 5735 jugiter
486 5664 598 5723 Domino
612 5665 764 5723 famularier
778 5669 843 5725 alto.

1030 5470 1098 5524 Dum
1112 5470 1232 5540 proprias
1246 5480 1376 5541 spernunt
1386 5475 1518 5543 spumosis
1533 5474 1658 5531 fluetibus
1672 5493 1744 5544 oras,

1030 5561 1102 5616 Tune
1113 5576 1205 5616 utrrnes
1220 5561 1505 5631 pariterglomerantes
1520 5567 1625 5635 agmine
1634 5567 1728 5635 denso,

1030 5652 1126 5706 Contra
1141 5651 1231 5705 lirrstra
1246 5661 1338 5706 senem
1353 5653 1484 5710 sistebant
1497 5655 1600 5726 turgida
1611 5666 1745 5725 sanctum,
