3832 6114
140 295 190 361 q<
643 293 1128 368 esstocaaecrneunsuuu
1147 296 1286 375 neem,
1734 305 1783 377 rs,

140 413 228 468 omnis
241 416 337 465 exorta
351 416 404 474 est,
425 407 469 461 bie
492 421 545 462 ron
568 406 712 473 adfuerint,
727 422 791 476 quas
818 422 929 470 neeesse
984 409 1176 477 (sacratissime
1190 408 1385 480 areiipraesui),
1395 409 1484 475 statim
1498 420 1601 466 certant
1616 413 1773 484 obsequefr,

138 512 192 569 est,
208 510 236 556 ut
250 499 387 555 constentio
400 496 480 553 finem
493 496 617 566 accipiat,
631 495 766 553 aduenire.
981 499 1071 556 omnis
1085 500 1111 556 in
1126 509 1247 557 uosuum
1262 512 1402 556 assensum
1415 499 1529 558 accurrit
1543 501 1687 569 prouincia
1702 502 1784 582 Puer,

177 592 278 646 idcireo
302 600 505 643 commonemus
528 585 724 642 Bertissraidum
750 584 929 655 archiepisco⁴
983 591 1073 662 regius
1095 588 1123 644 in
1148 605 1238 659 reqem
1261 589 1374 654 iuratus,
1398 589 1483 644 bostis
1507 589 1627 656 abactus,
1644 599 1771 660 tyrannus

137 697 205 752 pum
227 682 335 736 fratrem
365 688 487 734 nostrum
513 687 542 733 ut
565 677 695 746 synodum
721 685 852 732 convocet
875 690 929 732 una
980 680 1139 735 exstinctus.
1162 679 1211 735 Est
1234 680 1313 750 igitur
1327 680 1408 750 regiae
1421 680 1565 735 retentatis
1579 690 1608 734 ιιι
1626 681 1767 752 episeopus

136 786 202 826 eunt
216 768 349 835 wilfrido,
364 776 392 823 et
407 768 503 822 bosam
519 776 598 836 atque
609 766 740 821 ioannem
754 766 781 820 in
795 767 926 838 synodum
938 799 941 803 ·
980 770 1116 825 Wiffridus
1129 772 1297 827 revestiatur.
1320 771 1366 826 fiis
1378 772 1457 827 dictis
1468 780 1561 827 emotae
1571 770 1768 826 dissensionum

137 861 219 915 faeiat
231 857 388 924 convenire,
404 871 536 926 vocesque
551 853 663 924 partium
688 855 787 922 audiat,
798 864 827 937 et
839 857 965 914 consi-ti
980 862 1094 931 nebule,
1110 863 1241 919 serenitas
1256 877 1328 931 paens
1351 862 1436 917 infusa
1451 880 1458 928 ;
1478 862 1596 917 cucurrit
1609 861 1769 932 episcopalis

136 953 214 1007 deret
228 949 293 1020 quid
306 949 357 1004 sibi
372 949 484 1003 invicem
499 957 588 1016 partes
601 947 707 1002 ualeant
717 948 864 1015 approbate
877 964 885 1012 i
900 958 928 1004 et
979 957 1097 1024 pravitas
1112 955 1138 1009 in
1159 954 1324 1023 amplerum,
1339 962 1367 1008 et
1381 953 1557 1009 concordibus
1576 952 1672 1007 animis
1683 967 1770 1022 quan·

137 1043 162 1096 si
176 1040 283 1111 quidem
306 1039 377 1108 apud
400 1038 471 1093 iiiam
493 1037 624 1110 synodum
640 1037 755 1106 potuerit
769 1052 825 1094 rem
841 1038 930 1097 deter-
980 1057 1035 1103 tum
1049 1045 1180 1115 superfuit
1195 1045 1244 1100 acsi
1259 1045 1356 1116 erepit.

138 1132 254 1196 minare,
269 1141 374 1200 pratum
389 1128 440 1184 erit
462 1129 550 1184 nobis.
569 1129 617 1184 Sin
640 1137 740 1196 numm,
755 1138 862 1185 ntotteat
882 1143 928 1187 eos
1018 1135 1141 1192 bimissis
1155 1135 1279 1192 Wiffrido
1291 1135 1397 1191 duobus
1409 1134 1551 1201 conubiis,
1567 1133 1642 1202 fiipis
1656 1141 1684 1193 et
1702 1131 1772 1192 tien

136 1223 172 1276 ad
197 1222 290 1278 sedem
304 1220 478 1290 apostoticam
493 1233 644 1285 accurrere,
659 1231 689 1273 ut
709 1221 931 1288 majoricensis
981 1223 1140 1293 gesteldein,
1156 1224 1201 1279 iiie
1218 1225 1373 1279 inconeussa
1386 1238 1451 1293 pace
1463 1225 1573 1295 potitus,
1586 1234 1646 1295 post
1658 1233 1775 1301 quatuor

139 1311 284 1368 decidatur
297 1311 369 1382 q'uod
383 1311 511 1367 metense
522 1311 660 1367 terminari
676 1325 729 1366 uon
749 1312 844 1380 potuit.
857 1313 931 1375 Sciat
980 1315 1083 1379 reditus
1105 1329 1202 1379 annuos,
1224 1323 1256 1369 ut
1275 1312 1387 1370 biicbael
1408 1312 1583 1384 areisanqefus
1598 1313 1769 1381 predixerat,

138 1410 235 1456 antem
246 1401 316 1472 quod
331 1401 481 1472 quicunque
491 1400 583 1457 uenire
596 1402 796 1468 contempserit,
810 1402 928 1470 seipsum
981 1415 1097 1469 tenatos
1110 1414 1152 1462 est
1164 1405 1257 1462 eadem
1272 1405 1436 1470 infirmitate,
1452 1419 1504 1474 qua
1517 1403 1653 1474 quondam
1666 1403 1693 1459 in
1707 1402 1773 1461 biet-

138 1490 288 1561 dep‘eetioni
308 1490 449 1557 submittit,
474 1505 525 1546 nec
546 1491 599 1558 bie,
615 1506 665 1546 nec
687 1491 724 1547 ibi
738 1505 785 1560 pro
803 1492 930 1560 episeopo
980 1497 1032 1562 dis,
1049 1507 1101 1552 utu
1117 1497 1215 1564 rabde,
1231 1508 1258 1551 nt
1272 1497 1362 1553 subito
1375 1511 1456 1552 sensu
1469 1509 1497 1552 et
1511 1511 1576 1553 noce
1589 1505 1703 1552 careret.
1719 1495 1772 1553 set

138 1581 255 1652 ampfius
268 1583 454 1651 suscipiendus
464 1600 475 1650 ·,
486 1591 576 1638 nestra
591 1582 702 1652 proinde
725 1583 823 1653 renatis
847 1583 930 1638 subfi-
979 1587 1078 1645 suisad
1094 1602 1154 1641 eum
1169 1586 1309 1641 orantibus
1323 1594 1352 1641 ut
1363 1586 1457 1642 saitem
1468 1586 1502 1642 ad
1513 1586 1669 1642 diuisionem
1683 1601 1772 1644 rerum

137 1672 220 1724 unitas
232 1670 312 1725 faeiat
323 1687 495 1738 concursum,
509 1681 539 1727 ut
553 1687 584 1727 ea
599 1689 657 1741 qum
670 1673 777 1730 eirtsro
794 1675 929 1743 aspirante
979 1688 1087 1730 suarum
1104 1674 1237 1744 loquelam
1260 1685 1419 1741 mereretur,
1436 1679 1581 1745 resumpsit
1605 1676 1774 1746 inpendent

140 1761 330 1830 perspeximus
344 1764 499 1829 perveniant
521 1762 555 1816 ad
568 1762 706 1827 effeetum;
721 1764 870 1833 quicunque
884 1779 931 1817 au·
979 1765 1180 1839 eqioqueretnr
1194 1764 1332 1833 conatique,
1348 1773 1375 1819 et
1396 1775 1456 1833 post
1478 1765 1535 1820 dics
1558 1765 1661 1831 salutis,
1682 1766 1772 1835 rigore

137 1858 192 1921 tent
217 1849 358 1920 cujuslibet
382 1866 501 1920 pesonae
525 1851 617 1910 audaci
645 1852 793 1909 temeritate
811 1860 933 1908 cordem-
979 1854 1081 1919 refuso,
1097 1864 1191 1909 cuncta
1206 1856 1262 1910 foca
1285 1871 1332 1910 sua
1356 1854 1444 1911 obiret
1459 1855 1525 1928 frib,
1551 1854 1690 1928 ambiret];
1704 1864 1770 1921 tum,

140 1944 235 2014 poerit,
251 1959 303 1998 non
319 1944 397 1999 erite
413 1946 468 2001 lieo
484 1946 639 2016 impunitus,
656 1961 743 2016 neque
756 1944 814 2003 sine
833 1943 931 2004 damno
980 1961 1030 2015 pro
1042 1944 1225 2014 frequentibus
1239 1946 1352 2012 morbis,
1364 1946 1458 2002 sicine
1481 1946 1574 2002 mortis
1595 1961 1647 2000 non
1662 1946 1771 2015 dubius,

139 2033 244 2088 coefitus
258 2033 380 2102 attiguus
394 2034 499 2089 evadet.
980 2033 1110 2104 quidquid
1124 2045 1185 2088 ante
1208 2035 1235 2088 ιιι
1250 2034 1381 2102 aliquibus
1399 2035 1477 2089 bonis
1496 2037 1610 2103 tepidius
1623 2037 1720 2092 fecisse
1732 2034 1773 2090 ιι·

139 2146 297 2218 mum„
319 2155 471 2210 ww,
487 2147 608 2217 &3301oe
624 2144 858 2202 J„„„,·„pq„„p
869 2144 930 2201 „p
980 2124 1092 2180 debatur
1118 2123 1276 2194 supplevit,
1308 2125 1464 2192 praepositos
1491 2126 1614 2180 omnibus
1642 2126 1771 2181 coennbiis

447 2220 516 2288 jecto
531 2214 612 2286 senti
943 2197 1128 2281 Bordinarit,
1152 2228 1230 2286 gazas
1252 2213 1279 2268 fn
1301 2221 1414 2282 quatuor
1427 2212 1535 2282 divisit,
1558 2219 1648 2277 unam,
1664 2229 1691 2270 et
1710 2215 1771 2271 endi

177 2305 307 2362 Defuncto
320 2322 383 2375 ergo
396 2307 507 2367 Affride,
517 2306 626 2359 Eduffus
636 2307 752 2376 quidam,
761 2304 928 2376 amanitidem
978 2306 1117 2375 optimam,
1130 2307 1278 2376 portionem
1287 2306 1413 2360 Ronsanee
1425 2306 1539 2360 dandam
1550 2306 1685 2373 Ecefesiae,
1694 2310 1772 2376 eujus

136 2395 292 2465 meditatus,
308 2398 424 2452 furrrrem
439 2413 543 2466 queque
555 2397 697 2452 utafesame
712 2396 808 2451 meritis
822 2398 847 2449 in
860 2394 928 2450 Wif-
978 2397 1135 2459 auetoritnte
1148 2396 1252 2450 cunetis
1266 2411 1373 2464 semper
1398 2396 1500 2465 irq'uriis
1523 2407 1662 2466 exemptus
1683 2407 1709 2452 ct
1723 2397 1771 2453 fto-

137 2485 237 2541 fridum
254 2489 382 2552 esonurit,
402 2488 476 2558 quusi
495 2489 521 2548 in
536 2487 695 2543 ‘reeordimn
714 2487 809 2541 sifridi
825 2486 929 2553 iuratus
978 2486 1092 2544 noriirus
1117 2486 1255 2542 restitutus
1279 2486 1368 2549 fuerit,
1395 2487 1463 2554 qued
1489 2497 1516 2542 et
1536 2502 1585 2556 per
1609 2502 1639 2541 se
1661 2487 1772 2554 irnpfcre

137 2585 221 2631 esset.
236 2575 302 2631 Cum
316 2579 386 2631 enim
398 2591 458 2639 enm
469 2577 599 2647 pontifex,
613 2575 758 2648 quondam,
774 2573 929 2641 recordetur
977 2577 1099 2652 qnamris
1113 2578 1291 2647 aquisgranis
1311 2578 1497 2645 meditaretur,
1525 2578 1575 2635 uisi
1593 2579 1675 2634 ferrea
1692 2581 1769 2650 quies

138 2669 255 2722 amicum
266 2683 335 2735 esse,
351 2676 403 2738 non
417 2664 595 2723 inconsultum
609 2667 755 2722 adunaret
767 2664 851 2729 adire,
861 2666 929 2722 ades
977 2669 1138 2738 coquentem
1152 2667 1311 2737 anticiparet
1322 2685 1330 2733 ;
1343 2669 1489 2728 secundnm
1510 2671 1669 2739 pauperibus
1684 2711 1691 2735 ‚
1717 2679 1770 2726 ter-

136 2759 238 2816 stuftus
251 2758 382 2826 efferbuit,
395 2768 423 2813 ut
437 2774 497 2814 eum
509 2758 635 2813 continuo
649 2758 683 2812 de
698 2772 779 2827 regno
791 2770 840 2811 suo
854 2756 928 2811 exire
980 2759 1042 2813 tiant
1056 2757 1238 2813 etenobiorum
1256 2760 1407 2826 prepositis
1421 2759 1561 2830 delegasit,
1575 2775 1626 2829 qua
1639 2760 1772 2827 potentio-

137 2853 256 2922 jubcret,
275 2853 302 2906 ni
319 2853 440 2906 omuibus
464 2852 520 2906 suis
534 2851 699 2919 exspoliatus
712 2865 773 2905 eum
797 2848 929 2905 deomore
978 2863 1036 2906 tunt
1050 2850 1195 2911 amicitiam
1210 2850 1382 2913 redimerent,
1399 2865 1450 2918 qua
1470 2850 1667 2904 contrariorum
1687 2850 1771 2921 impe·

135 2946 197 3015 ejici
212 2945 302 3001 refiet.
316 2944 370 3000 Sed
384 2946 455 2999 enim
468 2952 527 3013 post
540 2945 606 2999 duos
619 2958 725 2997 menses
737 2943 791 2996 sita
807 2951 834 2997 et
844 2955 930 3011 rugato
979 2954 1032 2999 tutu
1045 2943 1238 3011 refrinqr=rcnt3
1255 2950 1377 3011 quartam
1391 2942 1444 2995 iffis
1456 2943 1512 3010 qui,
1527 2941 1648 2995 laborum
1662 2955 1770 2997 suorum

137 3036 279 3106 priratns,
305 3035 410 3104 captivo
434 3034 586 3089 diademate
614 3032 788 3087 moribundus
817 3032 928 3087 ftumuut
978 3034 1108 3091 individui
1118 3035 1243 3097 remites,
1258 3033 1370 3094 necdttm
1387 3042 1473 3089 terras
1486 3031 1582 3102 quibus
1597 3046 1626 3085 se
1639 3040 1770 3087 sustenta·

134 3125 260 3198 pulsarit,
277 3125 430 3194 proceribus
442 3123 516 3196 regni
530 3123 610 3178 fifium
624 3122 727 3178 alfredi
742 3122 870 3178 osredum
883 3138 931 3178 sa·
977 3136 1037 3182 runt
1060 3134 1226 3195 acceperant.
1253 3124 1297 3179 Sic
1319 3133 1428 3192 accepta
1442 3123 1549 3178 ficentia
1570 3137 1585 3177 a
1600 3121 1769 3191 iiipensibus,

133 3221 172 3276 ιιο
186 3220 386 3275 restituentibus
400 3236 408 3272 ε
423 3233 537 3290 quorum
559 3227 588 3274 et
610 3218 742 3272 maximus
764 3198 816 3274 fide
834 3228 862 3273 et
876 3232 926 3273 au·
977 3232 1044 3289 quos
1067 3219 1200 3287 precipuo
1228 3231 1334 3286 semper
1359 3231 1451 3271 annone
1473 3217 1601 3281 obfuerat,
1617 3226 1643 3270 ct
1666 3213 1770 3269 ceteris

134 3310 259 3364 ctoritate
283 3291 448 3363 Bertbfridus
473 3307 640 3362 submonitus
666 3321 681 3360 a
701 3306 870 3362 bertbstafdo
885 3321 929 3361 ar·
977 3307 1203 3373 Nortftanfmbris,
1218 3306 1252 3361 ad
1266 3307 1426 3376 cofinquium
1441 3304 1545 3362 Celredf
1558 3307 1628 3376 reqis
1655 3303 1767 3360 bfereio·

133 3397 305 3467 ebiepiscopo
324 3398 464 3454 concilium
488 3397 514 3451 in
536 3396 750 3453 Nortiranimbrin
780 3397 836 3451 fieri
864 3411 927 3451 corr·
977 3413 1035 3454 rum
1048 3414 1101 3469 quo
1114 3398 1284 3464 invitabatur,
1298 3398 1375 3453 simui
1391 3408 1419 3450 ut
1432 3407 1458 3451 et
1472 3397 1692 3451 monasteriorum
1707 3409 1769 3450 suo·

134 3490 229 3554 sentit,
250 3497 279 3544 ut
301 3488 407 3544 tandem
431 3489 503 3558 justa
527 3486 645 3543 Wiifridi
669 3502 746 3541 eausa
771 3487 925 3556 placabilem
978 3506 1048 3560 rurn,
1062 3505 1121 3561 quau
1141 3489 1167 3545 iu
1182 3490 1226 3544 iiia
1248 3487 1355 3558 regione
1368 3488 1481 3556 piurima
1505 3501 1552 3556 per
1575 3486 1767 3556 induigentiaut

134 3583 279 3636 terminum
293 3583 443 3651 acciperct;
456 3581 492 3635 ibi
503 3595 534 3636 er
546 3581 686 3652 preceptis
699 3580 851 3650 apostolicis
865 3579 924 3635 data
939 3548 962 3610 C
977 3598 1069 3654 reqnm
1085 3582 1247 3647 instituerat,
1261 3582 1377 3650 quietem
1394 3589 1559 3651 procuraret,
1573 3581 1706 3648 profectus
1715 3586 1767 3634 est.

133 3682 177 3729 est
189 3678 264 3743 optio
278 3674 421 3745 episeopis,
438 3685 466 3729 ut
481 3683 527 3730 sut
540 3674 666 3732 Wiifrido
681 3676 707 3730 in
722 3690 768 3730 sua
788 3675 925 3745 episcopa·
975 3673 1012 3727 ibi
1026 3687 1091 3742 erqo
1113 3671 1215 3726 curretis
1239 3670 1358 3724 circuitis
1378 3670 1518 3732 et‘anetis,
1534 3677 1626 3721 exacto
1650 3683 1722 3722 nnno
1739 3676 1768 3723 et

132 3774 178 3818 tus
192 3768 256 3819 sede
279 3765 415 3828 cederent,
430 3773 477 3820 aut
500 3763 610 3820 Romam
627 3782 675 3836 pro
693 3780 740 3821 sua
763 3765 925 3821 defensanda
974 3765 1056 3820 sends
1078 3772 1218 3832 postquam
1244 3759 1362 3815 seeundo
1386 3756 1498 3827 proximi
1514 3757 1603 3810 obitus
1617 3756 1704 3809 fuerat
1718 3757 1764 3810 ad·

134 3867 218 3906 causa
232 3867 381 3921 perperene
390 3855 434 3924 qui
448 3856 490 3909 bis
500 3854 681 3910 resultandum
693 3863 797 3923 putaret
806 3868 924 3908 exsensa
975 3854 1100 3918 monitus,
1113 3854 1181 3921 apud
1196 3851 1311 3907 insulam
1326 3848 1495 3911 inundafum,
1508 3847 1633 3917 languore
1648 3846 1768 3903 irruente

133 3943 326 3999 comsuunione
337 3931 422 4002 fieret.
435 3945 571 4014 Episcopis
582 3959 631 4000 suo
644 3959 719 3998 rnore
729 3943 922 4012 obnitentibus,
974 3946 1105 4016 agitatus.
1128 3951 1278 3999 extremum
1302 3940 1372 3996 diem
1398 3937 1450 3996 sibi
1472 3938 1556 3994 sensit
1577 3937 1681 4005 adesse,
1698 3952 1767 4008 pau·

133 4033 289 4089 beatimima
317 4034 389 4103 sirpo
413 4033 522 4102 Efffeda,
545 4049 622 4089 soror
646 4032 753 4098 fifiridi,
778 4033 923 4100 abbatisse,
974 4038 1075 4105 eisque,
1090 4043 1217 4105 quantum
1240 4033 1310 4088 uires
1326 4031 1511 4101 suppetebant,
1528 4024 1658 4084 affoe'uius
1682 4028 1765 4095 filios,

135 4121 715 4191 postiiiidamdeStrerresbaid,ternrinum
738 4124 921 4193 negentiofitit,
974 4141 1130 4196 sacramque
1153 4123 1365 4180 benedictionem
1389 4122 1561 4192 impertiens,
1599 4119 1705 4190 omnis,
1736 4129 1765 4176 ut

136 4213 247 4270 dicens:
262 4232 273 4269 ι
287 4215 407 4270 Dimissis
428 4216 594 4286 ambagibus,
619 4224 806 4271 testamentum
831 4217 920 4271 fratris
973 4205 1122 4282 ridebatur,
1133 4230 1230 4286 expers
1243 4214 1361 4283 angoris,
1374 4216 1453 4268 finem
1469 4212 1554 4277 irrisit,
1566 4211 1698 4266 recensito
1708 4209 1765 4282 jam

133 4303 198 4367 mei,
220 4304 263 4359 cui
286 4318 405 4372 presens
427 4306 547 4374 interfui,
563 4305 681 4375 profero,
696 4305 767 4374 qnod
789 4306 811 4360 si
826 4320 923 4360 cuura·
973 4321 989 4360 a
1004 4306 1143 4363 monacbis
1152 4305 1277 4374 psafterio
1294 4317 1377 4372 usque
1388 4301 1420 4357 ad
1432 4303 1506 4357 iilum
1522 4315 1629 4356 tersum
1647 4317 1653 4352 :
1669 4297 1767 4354 Emitte

133 4397 257 4459 ieseeret,
269 4396 343 4466 jussa
359 4413 389 4453 se
411 4398 565 4466 spostolicae
590 4397 661 4453 sedis
684 4400 864 4454 incunctanter
883 4398 924 4454 fa·
973 4399 1091 4469 spiritam
1105 4406 1188 4465 tuone,
1202 4405 1224 4452 et
1238 4398 1389 4451 creabuntur
1405 4394 1491 4465 (Prnf.
1517 4396 1584 4465 cnr),
1597 4404 1650 4451 etc.
1665 4394 1764 4450 Exces-

133 4496 237 4542 cturum
263 4488 439 4556 promisisse,
465 4488 506 4542 sei
530 4487 599 4557 quod
625 4498 710 4542 rrturte
730 4490 922 4544 interveniente
973 4491 1008 4551 sit
1020 4502 1090 4544 anno
1103 4489 1188 4544 etatis
1201 4485 1248 4554 to,
1265 4487 1433 4558 episcopatus
1446 4483 1501 4541 ib:
1518 4487 1558 4540 nir
1584 4499 1632 4555 pro
1652 4483 1764 4555 justitias

132 4576 221 4635 iacere
242 4579 376 4648 nequiret,
395 4578 494 4634 baeredi
517 4593 566 4636 suo
580 4578 728 4634 faciendum
745 4580 923 4635 transmisisse
974 4583 1069 4637 merito
1082 4580 1173 4635 multis
1184 4578 1299 4648 jactatus
1313 4577 1447 4648 periculis,
1464 4576 1560 4646 quique
1584 4575 1611 4630 in
1636 4575 1701 4643 ipsis
1713 4588 1762 4629 er-

132 4669 331 4738 eoqnoseitur.r
359 4670 426 4724 ium
442 4669 578 4726 berfridus
589 4669 599 4742 ι
611 4667 807 4740 berthfrithus]
835 4670 922 4727 serbis
974 4673 1041 4728 siffis
1056 4688 1108 4728 non
1125 4672 1182 4729 otio
1197 4671 1312 4736 deditus,
1328 4670 1376 4727 sed
1393 4668 1523 4726 coenobiis
1548 4677 1576 4723 et
1600 4663 1762 4738 episcopati·

133 4756 240 4824 rirqiois
260 4759 448 4830 conglutinans
471 4775 519 4815 sua
536 4777 542 4812 ι
560 4777 569 4811 ι
584 4758 639 4827 Epo
659 4759 822 4826 iussionibus
845 4774 921 4829 papae
973 4766 1022 4821 bus
1048 4764 1189 4821 fundandis
1199 4760 1358 4838 *industrius
1382 4767 1472 4827 esset;
1496 4759 1601 4830 eqreqie
1626 4753 1760 4838 factusad

133 4844 309 4903 Wfflssdlfffl
331 4864 442 4916 θθῦῦθθι
466 4850 562 4921 inquii·
578 4851 724 4921 Ιιῐιθδθιῑῑιιι
747 4865 807 4906 ⁰1¹¹ss
827 4864 959 4951 eorum„
974 4854 1178 4929 promerendam
1191 4852 1305 4925 qratiam
1320 4851 1470 4922 principum
1498 4848 1566 4918 apud
1592 4860 1658 4916 quos
1683 4856 1762 4922 ersu-

130 4935 222 4991 robori
244 4939 356 4994 accedat
378 4946 407 4995 et
429 4928 502 5010 regis
515 4944 597 4997 nostri
610 4941 707 5013 jussio,
721 4950 748 4996 et
761 4948 858 4997 nostrae
872 4956 920 4996 ne·
974 4949 1051 5016 faret,
1067 4946 1191 5016 idemque
1206 4959 1253 5016 pro
1269 4938 1479 5014 riporejustitiae
1494 4934 1674 5004 compatriotis
1687 4930 1761 5005 reqi-

130 5029 262 5086 oestitatis
284 5033 412 5101 sponsio;
437 5047 552 5104 namque
574 5035 637 5090 dum
660 5050 710 5091 nos
731 5045 921 5103 postmortem
971 5038 1021 5094 bus
1034 5037 1151 5095 odiosus.
1164 5033 1282 5105 Reliquit
1292 5027 1414 5090 cmnobia
1425 5033 1490 5098 ‘1¹¹⁰‘
1502 5024 1601 5093 ⁰⁰¹¹¹¹⁸s
1612 5035 1671 5095 quae
1686 5022 1761 5080 5οΜ

129 5119 190 5192 elus
201 5121 316 5179 inimicis
329 5125 484 5195 urgentibus
498 5128 525 5182 in
550 5127 707 5183 debboburb
730 5127 824 5183 inclusi
848 5140 920 5182 esse·
972 5137 1184 5200 aggregaverat,
1212 5124 1303 5180 mnitis
1324 5120 1447 5177 dividens
1473 5120 1633 5177 heredibus.
1657 5117 1761 5188 Corpus

129 5224 201 5279 snos,
216 5213 242 5267 in
258 5213 422 5271 obsessionis
436 5228 560 5287 angusto,
577 5218 603 5272 iu
618 5218 680 5274 sits
701 5217 828 5287 pertento,
848 5217 921 5272 roni·
972 5224 1029 5292 eq'us
1043 5221 1070 5276 in
1087 5220 1162 5291 Ripis
1184 5224 1329 5289 portatum,
1345 5223 1373 5274 et
1396 5215 1481 5272 muita
1505 5211 1657 5271 reuerentia
1668 5208 1760 5268 condi«

129 5314 191 5357 anus
205 5302 260 5358 [ico
274 5305 431 5376 impietoros
445 5323 494 5366 nos
516 5309 662 5379 iussionem
679 5324 763 5378 papae,
779 5307 802 5362 si
822 5309 922 5378 potuis·
972 5325 1039 5371 tum.
1055 5315 1120 5372 Her
1134 5323 1157 5371 st
1168 5312 1298 5384 iuncusque
1314 5310 1522 5368 dfafmesburiut.

127 5403 220 5451 mnus
239 5396 365 5455 eradere.
392 5397 442 5454 Vir
471 5410 560 5456 sotum
588 5400 760 5469 finieramus,
784 5405 812 5456 et
835 5397 921 5455 fateor

630 5676 1252 5720 ...ψ--
