3832 6114
75 290 123 350 m
369 308 376 317 ·
457 288 595 347 norisii
619 285 801 346 tttsrutitua
824 284 857 341 ιι
876 283 907 344 s,
928 281 1136 340 onsooniuit
1155 284 1271 340 innisi
1293 285 1324 340 ιι.
1662 295 1717 353 sit

72 411 144 467 diets
159 406 230 464 enirn
245 403 337 460 omnia
359 403 508 471 asserebat,
533 416 561 461 et
581 406 603 461 si
629 403 815 474 acquiesceret
839 401 866 456 io
887 405 910 463 Α
960 397 1043 469 lpitnr
1056 397 1226 453 dissensione
1246 397 1317 453 lucta
1332 398 1493 469 inpartibus
1509 403 1654 475 Natcnnae,
1670 411 1716 469 alii

73 503 125 558 boe
138 494 269 570 pontici,
286 495 398 567 patiani
413 495 585 566 imperatoris
600 495 713 552 liaberet
725 512 732 561 ;
742 496 767 548 sl
777 503 805 548 et
816 494 870 549 bric
922 490 1122 546 consentientes
1134 491 1156 523 ¹¹
1167 491 1299 563 impietati
1313 493 1546 573 imperatoris,alii
1556 512 1617 554 cum
1630 504 1717 571 ponti·

73 593 131 649 deri
153 589 327 659 praepediret,
352 602 430 643 asoo
452 588 535 658 gradu
551 589 560 619 ¹
576 587 723 643 decideret.
747 595 760 624 ι
776 586 870 657 liespi-
922 583 973 638 lice
989 589 1016 637 et
1027 582 1149 637 lldelibus
1163 598 1192 638 se
1208 591 1343 649 tenentes,
1357 584 1379 615 ¹¹
1392 585 1463 640 intra
1475 601 1522 642 eos
1542 592 1732 650 contentione

72 680 239 748 cisiis‘erqo
262 676 321 746 pius
345 676 386 730 uir
405 673 547 745 proianam
563 676 693 746 priiiiripis
706 676 871 745 iussionem,
922 682 1006 741 mota,
1032 673 1143 729 Paolum
1170 674 1312 744 patricium
1336 675 1502 733 oeciderunt.
1533 680 1717 751 longobardis

68 775 129 845 jem
142 778 238 826 eontra
252 769 443 838 imperatorem
458 768 534 835 qnasi
550 776 643 823 contra
659 768 764 823 hostem
780 781 809 821 se
826 781 870 820 sr-
922 779 986 819 uero
1000 763 1116 820 AEniilire
1126 776 1214 821 castra
1228 766 1249 797 ¹¹
1263 765 1436 831 Neronianus,
1451 769 1473 801 ¹¹
1489 769 1652 841 llantebelli,
1666 774 1720 830 Ne·

71 864 170 930 manli,
186 875 304 917 renueris
315 860 518 928 naissimsjm,
530 861 650 914 scribens
661 860 760 926 ubique
772 873 870 914 carere
922 855 1026 912 rublum
1040 874 1101 913 cum
1113 858 1286 928 suisoppidis
1302 860 1385 927 uuio,
1401 871 1428 917 et
1438 861 1629 932 ¹¹Pertiiteota,
1646 867 1719 923 Peri·

71 970 105 1013 se
116 953 299 1018 Christianos,
312 953 323 984 ¹
338 966 372 1006 eo
388 951 459 1020 quod
474 961 534 1005 orta
550 950 644 1006 luisset
657 949 782 1018 impietas
796 950 869 1003 talis.
922 950 1017 1019 tapolls
1037 966 1143 1019 quoqne
1165 961 1193 1006 et
1217 951 1367 1006 sortitum
1382 953 1477 1008 ciuitas
1493 970 1522 1010 se
1538 957 1718 1014 tradiderunt.

71 1050 158 1124 tutin
172 1049 288 1119 permoti
308 1062 403 1102 omnes
418 1047 637 1114 pentapolenses,
655 1055 735 1115 atquc
751 1043 764 1083 l
782 1043 870 1098 Nenc—
923 1039 987 1096 Post
1002 1041 1110 1108 aliquod
1131 1057 1197 1096 uero
1212 1050 1318 1111 tempus
1334 1042 1496 1114 Etitycliiurn
1512 1047 1650 1115 patricium
1667 1064 1717 1106 eu·

71 1143 172 1200 tiaram
187 1139 338 1205 exercitus,
355 1148 448 1192 contra
472 1137 641 1202 imperatoris
655 1137 809 1205 jussionem
826 1151 870 1190 re·
923 1133 1053 1196 aurbum,
1072 1134 1094 1165 ¹¹
1107 1135 1151 1203 qui
1176 1134 1276 1189 dudum
1296 1135 1428 1191 erarclius
1456 1136 1554 1207 luerat,
1576 1140 1716 1211 Neapolim

71 1230 215 1294 stiterunt,
230 1225 352 1281 dieentes
366 1239 504 1292 nunquam
516 1238 546 1277 se
563 1223 587 1275 in
599 1223 721 1291 ejusdem
736 1221 871 1288 pontilicis
924 1227 995 1282 misit
1019 1228 1177 1297 imperator,
1193 1235 1223 1282 ut
1248 1225 1326 1294 illud,
1349 1227 1422 1297 quod
1445 1230 1580 1286 exarchus
1606 1233 1716 1301 Paulus,

71 1314 294 1378 emidueeodere
309 1331 391 1383 nece,
419 1314 469 1372 sed
481 1331 530 1386 pro
539 1315 598 1384 ejus
613 1315 699 1383 magis
713 1312 872 1370 defensione
923 1319 1053 1389 spatharii
1077 1335 1196 1390 qnoque,
1217 1329 1244 1376 et
1259 1321 1350 1376 ceteri
1373 1321 1504 1378 maloruni
1516 1326 1718 1396 consiliatores,

73 1410 192 1467 uiriliter
203 1408 355 1465 decertare.
381 1407 417 1462 lta
433 1415 462 1460 ιι
476 1405 641 1461 anathemati
665 1405 777 1461 Paulum
792 1418 872 1460 erar·
923 1408 1014 1465 lacere
1029 1412 1217 1480 nequiverunt,
1234 1412 1376 1480 perliceret
1391 1413 1446 1480 ille,
1460 1412 1507 1469 sed
1521 1430 1571 1471 nee
1585 1415 1625 1471 sio
1641 1417 1664 1450 ¹¹
1680 1419 1722 1473 in·

70 1497 869 1571 sitnm,⁸relqnieiimdireserat,ejiisqueconseiitaneos
925 1513 1026 1561 nitente
1053 1505 1120 1569 Deo,
1146 1503 1224 1558 latuit
1247 1505 1408 1562 miserabilis
1430 1504 1528 1575 dolus,
1555 1509 1603 1563 sed
1626 1509 1725 1569 claruit

68 1594 250 1661 submittunt,
275 1602 433 1661 spernentes
445 1593 642 1649 ordinationem
660 1595 729 1663 ejus,
746 1594 797 1650 sibi
813 1609 872 1648 om·
924 1598 1028 1655 eunctis
1050 1598 1195 1667 pessimum
1211 1597 1363 1666 consilinm,
1381 1599 1403 1632 ¹¹
1418 1601 1481 1670 quis
1505 1600 1604 1657 Christi
1621 1602 1722 1659 uiolare

70 1700 129 1744 aes
141 1686 242 1756 abique
253 1686 280 1739 in
291 1685 365 1741 ltalia
380 1684 391 1718 ¹
405 1685 487 1740 iluces
499 1685 671 1758 eelegerunt,
688 1695 768 1755 utque
783 1686 822 1741 sie
838 1686 872 1743 de
925 1692 1092 1745 conabantur
1106 1690 1253 1757 Ecclesias,
1270 1699 1298 1746 et
1311 1691 1426 1763 perdere
1440 1704 1571 1762 cunctos,
1585 1703 1666 1765 atque
1680 1696 1722 1751 di·

70 1779 216 1850 milacis
235 1778 325 1848 deque
338 1793 385 1832 sna
410 1778 577 1834 immanitate
601 1779 689 1834 cuncti
716 1778 869 1834 studebant.
886 1790 910 1850 Β
925 1781 1013 1849 ripere
1029 1780 1051 1814 ¹¹
1066 1783 1186 1836 omnium
1208 1783 1289 1837 bona.
1311 1783 1433 1854 Curaque
1449 1788 1568 1842 ntitteret
1588 1788 1723 1844 lioniioem

67 1872 192 1943 tsi-quita
214 1885 281 1925 vero
296 1870 469 1939 imperatoris
484 1870 611 1939 nequitia,
623 1872 711 1927 omnis
721 1871 796 1927 ltalia
808 1885 873 1926 con·
926 1873 1062 1943 proprium
1078 1871 1190 1928 Numam
1206 1888 1267 1928 euin
1282 1874 1391 1945 scriptis
1405 1877 1474 1943 suis,
1499 1877 1525 1933 in
1545 1879 1643 1949 quibus
1657 1895 1723 1935 con·

65 1963 170 2020 silium
188 1962 259 2032 iniit,
283 1961 373 2016 nisibi
387 1963 518 2033 eligerent
533 1964 738 2032 imperatorem,
760 1971 788 2019 st
803 1962 875 2018 Con·
926 1961 1074 2028 sinebatur,
1091 1970 1121 2017 ut
1137 1963 1256 2030 pontiles
1281 1963 1451 2020 occideretur
1464 1979 1525 2021 cum
1551 1967 1726 2038 optimatibus

62 2052 281 2122 mammopotnn
294 2052 433 2109 ducerent.
459 2054 513 2111 Sed
528 2055 697 2123 compescuit
714 2056 766 2110 tale
782 2056 875 2112 consi·
927 2053 1126 2124 [lummapnits
1142 2054 1328 2112 erudelissima
1340 2056 1361 2090 ¹¹
1375 2057 1487 2122 insania,
1500 2058 1622 2124 protinus
1632 2058 1720 2129 ipsum

61 2144 143 2203 llam
156 2144 292 2215 pontiler,
307 2159 420 2216 sperans
432 2144 638 2202 conversionem
653 2148 790 2216 principis.
808 2147 875 2216 lpsis
928 2146 1071 2217 patricium
1087 2146 1198 2201 missum
1220 2146 1344 2202 occidere
1358 2145 1523 2215 voluerunt,
1538 2147 1591 2203 nisi
1604 2147 1726 2206 delensis

61 2237 181 2295 issem
196 2236 291 2291 simbus
311 2236 483 2292 lisli‘rlariitus
505 2237 560 2293 dur
576 2237 586 2270 ¹
602 2238 726 2307 Neapolis
747 2238 875 2309 deceptus
928 2238 1063 2309 pontilicis
1083 2238 1166 2293 nimia
1185 2237 1370 2308 praepedisset.
1393 2237 1494 2293 Verum
1514 2239 1639 2294 eumdem
1655 2252 1724 2293 ana·

61 2424 167 2494 periise
183 2430 273 2492 partes
288 2421 526 2488 tenuit,seducens
538 2422 676 2492 populum,
693 2434 721 2478 ut
735 2423 879 2481 obedirent
930 2437 992 2480 cuin
1028 2423 1118 2493 pariis
1146 2426 1363 2494 constringentes
1394 2431 1565 2478 sacramento
1589 2437 1725 2494 nunquam

59 2511 248 2582 inperatori,
264 2511 457 2567 stoecidcrent
481 2512 645 2581 pontillcem.
664 2514 740 2570 Tune
760 2515 877 2573 Noniani
932 2515 1085 2587 pontillcem
1096 2514 1257 2572 Christiane
1272 2516 1333 2573 lidei
1357 2515 1723 2580 aeliitem,etlicclesiarum

58 2619 176 2662 onnes
189 2619 253 2659 eoin
265 2605 350 2659 secuti
378 2591 659 2674 compietiendeiunt,
683 2615 710 2663 et
732 2620 793 2663 cnm
820 2608 876 2664 lilio
932 2602 1101 2662 defensorem
1125 2620 1155 2662 se
1169 2606 1326 2676 permittere
1349 2608 1456 2674 noceri,
1470 2606 1660 2673 antsmoteri,
1675 2606 1725 2662 sed

59 2712 128 2757 aso
143 2694 159 2731 ¹
172 2695 375 2752 interfecerunt.
397 2698 409 2730 ¹
431 2696 495 2752 Post
517 2697 588 2753 lianc
611 2709 639 2753 et
654 2697 764 2753 Petrum
779 2699 875 2755 durem
928 2700 995 2756 mori
1012 2714 1060 2769 pro
1075 2700 1148 2755 iilius
1165 2700 1254 2755 salute
1275 2707 1367 2755 essent
1391 2712 1485 2754 omnes
1502 2701 1598 2768 parari.
1614 2697 1727 2754 iluncrs

59 2792 85 2828 ⁸
110 2788 252 2844 dicentem
274 2797 367 2844 contra
389 2788 544 2860 pontillcem
557 2787 713 2859 imperatori
732 2791 876 2862 scripsisse
928 2803 990 2850 tunc
1001 2793 1064 2849 liinc
1074 2792 1134 2848 inde
1144 2792 1256 2849 ducibus
1272 2790 1512 2861 Langobardorum
1527 2799 1555 2845 et
1565 2790 1629 2861 llegi
1642 2789 1665 2821 ¹¹
1673 2791 1728 2859 pol·

61 2880 269 2937 moverunt·
927 2887 1039 2943 licentes
1065 2887 1191 2953 plurima,
1216 2894 1245 2942 ιι
1268 2899 1285 2942 a
1305 2884 1446 2956 juramine
1463 2882 1624 2939 desisterent
1637 2879 1725 2953 panti·

696 2971 893 3033 vanitates
912 2978 1114 3035 testicutes.

117 3065 212 3123 ‘Com
226 3066 304 3134 Lao,
314 3064 468 3135 discederet.
892 3070 916 3134 C
967 3072 988 3102 ¹¹
1009 3070 1075 3126 cni.
1092 3069 1169 3135 Luc..
1186 3068 1332 3138 Frentana,
1348 3068 1485 3133 Nonteiio,
1501 3065 1655 3137 Venafrano.

117 3137 208 3194 ’cue
224 3137 302 3206 tui„
315 3152 373 3208 quie
386 3146 442 3191 enta
454 3137 544 3206 fuisset
559 3137 724 3208 impietatem.
967 3140 989 3173 ¹¹
1009 3142 1064 3209 ill,
1080 3139 1249 3195 Nonterielli.

119 3208 207 3264 ’inid
224 3209 301 3278 Lae,
313 3211 357 3277 qai
366 3208 432 3261 illud
444 3209 555 3262 edictam
565 3210 706 3263 direxerat.
965 3210 987 3243 ¹¹
1003 3211 1069 3267 Cod.
1085 3211 1165 3277 tue„
1182 3209 1335 3280 Perficedo·
1350 3211 1399 3277 al..
1412 3205 1559 3272 Ριιιειιιὶος
1575 3206 1624 3272 ab,
1635 3205 1728 3280 Perqi·

118 3278 209 3335 ¹t'od.
223 3281 298 3343 tire..
310 3279 378 3332 niori
386 3279 520 3347 eliperent.
550 3335 558 3349 .
928 3282 1002 3336 aeda.

120 3349 174 3406 'ln
186 3349 222 3406 al.
235 3347 363 3413 Neapolis
377 3349 462 3404 deest.
964 3352 987 3386 ¹¹
1008 3353 1035 3406 ln
1049 3352 1085 3406 ol.
1101 3352 1144 3419 qni
1157 3353 1254 3407 dttditiis
1270 3352 1396 3406 exercitiis
1410 3353 1493 3424 [ιιιιι
1505 3350 1593 3407 deest.

120 3421 199 3489 ¹ill,
211 3420 319 3475 consilio
330 3436 377 3474 sito
389 3418 530 3473 Radriani.
965 3423 987 3455 ¹¹
1006 3422 1073 3479 Coti.
1089 3423 1165 3488 line,
1181 3425 1299 3495 jubente.

120 3492 202 3557 iiii,
217 3491 377 3557 occiderunt,
401 3492 510 3543 dicentes
530 3490 599 3558 quod
621 3499 712 3544 eontra
732 3490 877 3559 pontificem
966 3489 990 3524 ¹¹
1007 3491 1074 3548 Cod.
1090 3493 1237 3563 Luc..qiro.

83 3559 235 3626 inparem
245 3562 417 3631 scripsissent.
443 3559 603 3616 Orbouerunt
625 3570 683 3628 post
703 3563 769 3614 buno
780 3569 803 3615 ct
824 3559 876 3615 tte-
968 3563 992 3598 ¹¹
1009 3563 1076 3618 iloni.
1090 3562 1169 3630 Lite,
1181 3563 1266 3617 antnio
1278 3564 1345 3616 loca.

87 3642 154 3687 miti
166 3634 265 3688 decem.
278 3629 373 3703 ipitirr,
386 3645 440 3687 etc.
968 3636 989 3668 ¹¹
1008 3633 1075 3690 Cod.
1092 3635 1169 3702 Luc„
1184 3634 1309 3688 seiitontia
1326 3631 1437 3686 Rotnani
1453 3631 1569 3704 protiiros
1583 3630 1663 3701 ipsias
1675 3645 1723 3700 pa·

122 3702 210 3759 ⁸tt‘d.
224 3705 303 3768 Lite,
318 3701 379 3756 Post
393 3703 450 3757 boe.
931 3703 1000 3758 tricii
1015 3705 1129 3759 misiam.

122 3772 214 3829 taso.
241 3774 330 3855 Luc...
342 3774 455 3854 dicentes
466 3772 573 3840 turbati,
595 3774 665 3845 qnod
682 3781 773 3827 coittro
792 3770 881 3843 ponti·
966 3773 990 3806 ¹⁰
1008 3775 1064 3840 al..
1079 3773 1123 3828 sed
1142 3790 1170 3828 se
1189 3774 1278 3843 mopsi
1292 3789 1350 3828 rani
1362 3771 1501 3827 irrisoribus
1524 3771 1723 3844 constrinpentes

93 3844 471 3981 taurinatis..
931 3853 1319 3986 tutttlitr‚·........

123 3986 145 4020 ¹¹
163 3982 232 4041 Cod.
244 3984 321 4052 bue,
335 3984 415 4039 inter.

748 4072 930 4133 tantoties
948 4071 1065 4130 NOTAE.

96 4176 172 4233 aas,
187 4167 316 4237 pollicitis
331 4168 365 4222 ali
378 4169 496 4224 exorciso
512 4169 637 4234 aiiiiliis,
653 4167 881 4237 quemadmodum
934 4166 1100 4236 imperitare
1113 4164 1237 4235 eligendo
1251 4165 1336 4220 terme
1348 4163 1534 4218 deliberasset.
1563 4163 1707 4223 Bsscinns.

95 4250 152 4297 tere
165 4249 205 4295 est
221 4238 354 4308 adeptus.
371 4237 458 4292 linitos
469 4242 601 4311 percussit
617 4255 677 4295 cuin
692 4239 787 4295 eodeni
801 4255 882 4294 erar·
967 4236 982 4275 ¹
1004 4235 1180 4291 Veneriorum.
1201 4236 1302 4289 Veneta
1327 4233 1488 4303 respublica,
1504 4235 1560 4300 jain
1585 4235 1636 4290 line
1657 4248 1727 4292 tuin·

95 4312 152 4376 tito,
165 4311 210 4367 eui
224 4311 341 4364 uicissim
367 4310 429 4363 tulit
442 4325 520 4378 opens
540 4313 572 4363 nil
589 4312 812 4380 expugnationem
826 4308 882 4364 llo-
931 4323 1000 4380 pore
1016 4309 1098 4361 armis
1112 4307 1195 4372 clara,
1222 4306 1378 4375 plerumque
1396 4304 1429 4359 ad
1446 4306 1579 4372 pontilicis
1593 4307 1728 4362 delensis·

95 4395 176 4437 tesiiae
191 4377 322 4435 urbisll
336 4380 459 4449 cingente
473 4395 504 4434 en
522 4382 635 4436 Romam
649 4383 707 4435 suis
721 4380 879 4448 cripiis,de·
933 4393 993 4433 nem
1020 4378 1105 4433 stetit.
1132 4376 1214 4431 Ursus
1238 4376 1275 4430 illi
1303 4388 1366 4430 tniic
1393 4387 1524 4443 preerat,
1554 4377 1601 4444 ιιι
1624 4394 1728 4433 somnis

95 4454 211 4507 stitutuin
240 4453 314 4505 nniiii
342 4452 456 4506 liuniaiia
476 4450 705 4522 opspnniiueein,
722 4449 1132 4540 naisilmde·Diteeessitudine
1159 4448 1289 4516 Gregorio
1313 4446 1475 4513 conjunctus
1499 4460 1596 4513 pirrusto
1624 4454 1726 4515 suptus

95 4532 153 4578 lata
177 4521 262 4577 italiae
284 4522 356 4576 uires
370 4537 423 4575 non
443 4532 520 4576 erant
542 4523 626 4585 satis,
643 4525 726 4576 tuitus
739 4532 780 4576 est
796 4523 876 4585 Dens,
933 4518 993 4573 init.
1017 4519 1188 4586 Quapropter
1210 4533 1271 4571 erint
1293 4517 1475 4583 Liiitpraniltis
1498 4531 1543 4572 res
1568 4531 1727 4588 occupasset

96 4606 166 4661 ιιιιιι
180 4591 291 4662 ieiuniis
302 4608 336 4648 nc
349 4592 470 4656 precibus
482 4603 534 4646 tani
549 4594 659 4659 priuatis
673 4609 752 4662 quain
765 4592 878 4658 publicis
930 4589 1106 4644 essrcliatiirn
1124 4589 1268 4650 llsreiinee,
1284 4589 1393 4656 scripsit
1406 4586 1439 4641 ad
1457 4586 1553 4643 llrsiiin
1567 4584 1723 4657 Gregorius,

97 4666 235 4735 propitium
247 4661 299 4717 sibi
315 4663 479 4718 reddiderat.
495 4663 522 4718 lii
536 4679 570 4718 eo
581 4664 713 4729 siquidem
727 4663 877 4724 conlidens,
930 4671 959 4715 ut
984 4660 1163 4714 auxiliaturus
1188 4659 1303 4713 adesset.
1332 4660 1440 4726 tegitur
1456 4658 1569 4727 epistola
1591 4657 1725 4726 potitillcis

97 4733 125 4789 eb
144 4734 258 4790 obses-a
284 4734 351 4789 urbe
372 4734 548 4804 proticiscitnr
566 4733 599 4788 ad
621 4735 758 4787 iiiiiiiieinn
777 4748 877 4802 regem,
930 4730 1132 4798 interujirstleni
1148 4731 1284 4794 epistolas.
1299 4729 1440 4784 [issemus.

98 4804 218 4873 starique
240 4804 364 4858 oratione
385 4805 453 4857 aden
478 4803 551 4858 illuni
575 4806 683 4867 rniileet,
707 4806 877 4857 utuiciusen
967 4800 1096 4855 eiliiines
1120 4801 1214 4870 ubique
1238 4802 1263 4852 in
1288 4796 1368 4852 italia
1396 4799 1474 4852 duces
1501 4797 1726 4863 elequentiam

101 4876 298 4944 aspostolicis
313 4876 423 4942 pedibus
437 4872 595 4938 aduolutus,
610 4875 834 4928 tinlliinolestinni
849 4888 880 4926 se
932 4871 1015 4937 prima
1035 4885 1077 4925 est
1100 4871 1225 4938 peritiilus
1244 4870 1341 4923 italicae
1362 4868 1503 4929 libertatis,
1521 4869 1546 4920 in
1567 4883 1617 4936 qus
1633 4869 1721 4923 ltalia

103 4941 224 5000 illatorum
241 4948 402 5014 promiserit.
416 4959 447 4998 ac
461 4944 558 5000 deinde
572 4946 692 5015 obsequii
709 4957 735 4999 et
752 4959 878 4998 reueren-
931 4941 1111 4995 ilsrliarorum
1133 4938 1342 5003 Grnetiruinque
1360 4941 1424 5005 jugo
1442 4951 1503 4992 sese
1517 4939 1638 4994 eximere
1653 4939 1729 4993 inci·

104 5014 137 5065 tin
149 5019 247 5084 plenus
259 5031 291 5070 es
314 5017 403 5070 omnia
428 5022 551 5080 possent,
577 5033 636 5083 quae
659 5018 724 5070 satis
741 5017 880 5084 perspicue
932 5015 1051 5080 pientes,
1067 5015 1189 5079 lecerunt
1205 5009 1376 5061 lunilaiiients
1393 5009 1535 5062 restaurati
1550 5011 1726 5076 postmodum

105 5080 159 5141 liber
172 5088 331 5152 pontilicalis
344 5095 463 5142 enarrat.
479 5086 613 5142 Siiuitieii.
931 5080 1228 5145 riccidentatisimpcrii.
1247 5077 1285 5132 lie
1301 5078 1352 5131 boc
1367 5080 1447 5132 italice
1459 5089 1533 5132 iiiotu
1549 5079 1590 5134 sic
1606 5083 1729 5152 loquitor

133 5156 305 5228 ¹ileipiciens
323 5174 382 5226 erqo
394 5158 508 5226 piosair.
520 5158 621 5227 Nempe
634 5157 778 5225 Gregorius
791 5157 880 5221 piniti·
931 5152 1121 5219 Tliei'ipbaiics,
1139 5165 1195 5220 pig.
1213 5148 1267 5204 sla
1290 5167 1297 5203 ε
1322 5147 1405 5202 Perre
1418 5165 1493 5204 sacer
1507 5150 1552 5204 ills
1571 5168 1602 5206 nc
1624 5153 1728 5207 divinius

110 5218 187 5284 lesio
200 5243 282 5283 causo
306 5243 442 5283 sacrarum
459 5229 615 5297 imaginant,
641 5227 734 5281 liniare
748 5226 879 5295 syriiiduni
933 5223 1088 5287 Geroniani,
1111 5221 1271 5275 decreuerunt
1292 5235 1357 5274 uero
1383 5221 1515 5291 relipianis
1529 5222 1730 5294 deterreamini·

112 5302 283 5368 ttaprepatil,
307 5301 385 5367 curlus
405 5299 504 5363 aliquot
528 5303 674 5370 irapinenta
700 5304 819 5351 rosei-unt
842 5296 879 5348 il·
931 5295 1010 5346 santii
1024 5293 1113 5364 liaruit
1128 5295 1248 5346 aduersus
1260 5288 1380 5353 Leonem,
1393 5309 1426 5346 es
1437 5310 1465 5347 re
1479 5311 1569 5347 nontin
1581 5296 1726 5352 inbeiiieni.

113 5362 203 5422 diutius
219 5368 227 5421 Ι
244 5373 270 5423 iti
286 5372 398 5435 epistola
415 5369 447 5423 ad
463 5371 635 5424 ciromines
651 5369 821 5439 iniagitiilius.
848 5366 881 5421 tii
932 5366 1036 5433 ejitsqite
1059 5364 1180 5418 satellites
1204 5373 1327 5429 tanquani
1342 5365 1464 5419 aduersus
1484 5368 1554 5433 leros
1577 5365 1729 5434 depupnoni

113 5444 259 5495 tttcmcuin
282 5439 457 5508 Philippicas,
479 5454 528 5493 stin
545 5439 704 5495 eilitotoino
724 5437 796 5501 illei,
820 5437 879 5490 tini·
932 5434 1145 5503 queniiiilinodtnn
1174 5435 1202 5486 in
1226 5436 1303 5487 aeteri
1326 5433 1410 5487 ilonea
1424 5436 1463 5488 air
1476 5436 1643 5502 uiideqitaqse
1659 5445 1730 5485 sacer

114 5514 188 5563 lesos
200 5510 315 5580 cogebat
328 5513 471 5567 ariatlienis
489 5511 579 5566 dicere
593 5522 675 5567 sextio
688 5507 801 5581 syricinio,
826 5511 882 5561 ltre-
933 5516 957 5560 et
971 5507 1139 5571 apostolicus,
1157 5502 1226 5557 l'etri'
1240 5506 1416 5574 apostolorum
1434 5506 1565 5574 corpplirei
1586 5504 1729 5568 contestor,

115 5577 195 5633 Nisus
205 5581 241 5635 ob
252 5580 277 5636 id
288 5598 302 5633 s
314 5583 440 5649 pontiiioe
451 5582 612 5641 declaratus,
621 5580 708 5634 italien
721 5580 811 5633 militia
822 5592 883 5633 sese
933 5577 1075 5630 eruditione
1088 5577 1269 5647 pressiorisque
1280 5576 1437 5647 facinoribus
1450 5575 1561 5628 clarebat
1576 5573 1729 5645 Greporiits,

115 5643 376 5707 tli'uliusnliedientia
394 5653 536 5717 subtraxit,
552 5654 588 5706 ita
611 5650 730 5717 ursuni-ti
748 5650 883 5720 pontilicis
933 5649 977 5771 pisi
992 5643 1112 5708 Noniani.
1140 5659 1216 5715 atque
1240 5647 1345 5701 ltatinni
1372 5654 1504 5714 rotantque
1527 5644 1690 5702 Occidentem
1715 5667 1733 5706 u

117 5721 225 5846 Npsi'tps
239 5723 308 5780 sdes
320 5723 444 5781 eamdem
464 5725 588 5779 militiam
603 5721 749 5804 commouit
771 5721 806 5775 ad
820 5718 883 5775 llilsi
954 5717 1027 5802 einis
1050 5708 1195 5802 obedientia
1212 5724 1267 5800 taio
1289 5716 1358 5770 cicili
1375 5730 1453 5784 ιιιιιιι
1470 5716 1644 5775 eeclesiastico
1658 5728 1682 5774 es
1699 5719 1735 5776 aa

117 5786 295 5868 eennuiien,
315 5802 344 5851 nt
364 5794 415 5854 uisi
428 5793 573 5869 Gregorius
595 5793 754 5864 obstitisset,
769 5789 803 5852 ile
813 5802 883 5852 nuto
935 5804 991 5862 qni
1006 5804 1112 5866 imperto
1126 5788 1266 5850 nutriant.
1279 5786 1421 5849 basonus.
