3832 6114
140 275 190 333 tta
774 273 802 330 S.
824 270 985 330 cheddhtt
1007 268 1107 328 hhhAE
1126 269 1145 326 ll
1239 295 1244 302 ·
1711 264 1767 323 aih

94 438 100 445 .
137 400 166 442 nt
188 372 410 458 coniringcndmn
434 385 615 450 salvatorem,
631 385 675 454 qui
701 387 851 454 appellatur
873 387 930 439 hn-
943 389 969 464 h
983 384 1071 453 lignus
1095 382 1138 438 ille
1159 376 1555 452 Constantinusffioustantius,
1569 375 1715 448 Constans]
1730 379 1769 435 de

88 506 91 511 <
140 477 307 547 tiphonem,
335 476 380 531 uhi
404 484 431 530 et
451 472 581 528 miracula
603 473 685 527 nrulta
708 473 797 537 lietu,
813 474 927 527 ins-eom
979 473 1031 527 ilde
1052 482 1152 527 sunctae
1173 470 1312 525 Trinitatis
1337 471 1406 523 malo
1426 469 1556 534 sentiens,
1577 469 1763 527 othureticis

136 575 201 621 sunit
214 567 269 622 illio
282 567 408 621 mulieres
422 567 481 619 zelo
503 577 651 632 succense,
665 572 692 617 et
704 563 810 618 illarum
824 564 927 618 remulce
977 562 1144 631 pnntilicihus
1168 558 1326 631 proscriptis
1351 559 1507 628 astipulans,
1532 558 1625 627 Sergio
1639 567 1667 614 et
1681 559 1768 615 Paulo

137 671 198 723 qum
231 666 364 724 unguenta
401 652 543 724 lercham,
571 665 631 720 que
670 650 927 719 spathameandida·
977 662 1005 710 et
1019 652 1132 725 Pyrrho,
1148 652 1238 707 missis
1247 648 1405 706 satellitibus
1418 649 1503 718 rapuit
1517 651 1643 715 illumve
1659 650 1768 721 Byzan·

138 754 193 798 ιιιιιι
208 754 317 799 orarunt
332 760 339 796 ε
356 741 414 806 he,
430 743 622 806 obsecramus,
639 755 672 794 ne
690 739 741 794 hnc
763 739 858 803 lacius,
871 742 928 794 aie·
977 747 1041 798 tium
1068 742 1204 814 tyrannica
1233 742 1362 797 violentia
1385 741 1508 804 ahdurit,
1531 740 1676 810 multisque
1687 742 1769 797 usalis

137 832 213 889 hant.
235 835 284 890 llle
297 848 360 890 uero
386 847 480 903 preces
493 846 584 887 earum
601 846 653 886 nou
667 831 822 895 admittens,
837 843 926 887 erecta
976 834 1114 888 obsessum
1126 834 1152 888 iu
1165 831 1291 888 exsilium
1303 832 1466 886 amandavit.
1482 830 1639 897 Quinetiam
1650 831 1769 889 herimo

136 929 209 983 acala
224 927 395 993 conscendi13
410 939 524 995 cumque
535 934 575 978 ter
588 925 675 978 securi
692 923 787 979 laciem
801 923 927 993 imaginis
977 926 1107 981 monacho
1129 934 1156 979 et
1177 924 1256 994 hujus
1279 924 1410 994 discipulo
1431 923 1574 980 Anastasio
1593 924 1664 979 mala
1680 926 1768 981 multa

137 1021 284 1073 saluatoris
307 1016 569 1086 percussisset,hoe
593 1014 716 1071 sidentes
740 1015 926 1081 mulieres,et
976 1017 1109 1081 exirihuit,
1139 1024 1166 1071 et
1179 1016 1301 1071 lazicam
1314 1015 1341 1070 in
1355 1016 1479 1072 exsilium
1494 1016 1622 1071 misitht
1635 1017 1771 1073 &ustau-

138 1109 256 1175 iniquum
281 1107 346 1163 illud
368 1105 471 1161 lacinus
494 1120 547 1159 non
572 1104 706 1171 terentes,
726 1116 838 1161 attracta
852 1107 926 1163 scala
977 1109 1048 1163 tirius
1063 1107 1258 1180 [constantias]
1271 1108 1317 1179 qni
1332 1120 1378 1162 eos
1391 1109 1535 1178 relegarat,
1550 1107 1720 1173 interiectus,
1736 1118 1770 1165 at

137 1197 252 1253 iuarihus
265 1197 400 1252 eoricisum
422 1195 477 1250 illic
490 1205 628 1251 necarunt.
642 1196 709 1251 'ium
726 1207 752 1251 tu
767 1197 829 1251 mali
843 1211 927 1252 emu-
976 1201 1004 1254 in
1020 1208 1130 1268 peccate
1144 1212 1194 1253 suo
1205 1208 1326 1254 mortuus
1335 1206 1386 1253 eat.
1403 1197 1552 1254 chenrins
1564 1201 1635 1253 enim
1649 1199 1696 1270 qni
1708 1209 1767 1255 turn

136 1290 216 1354 laun,
232 1288 321 1343 missis
342 1287 520 1352 satellitium,
541 1287 667 1342 mulieres
690 1287 780 1342 nescio
794 1287 927 1356 quotittic
976 1304 1069 1345 coines
1090 1288 1210 1357 ohsequii
1233 1289 1291 1357 ojus
1311 1297 1380 1354 erat,
1393 1289 1573 1357 abepiscopis
1587 1288 1690 1344 sicilia
1702 1303 1769 1346 ear·

136 1377 268 1442 occidisti,
293 1378 441 1431 astantibus
467 1374 575 1430 utilibus
597 1376 662 1431 uiris
683 1376 826 1442 humanis,
842 1386 871 1432 et
891 1392 926 1433 ex
976 1382 1028 1435 tior
1042 1379 1128 1434 iactus
1138 1377 1292 1434 ltaeretienm
1306 1393 1367 1433 enm
1379 1393 1451 1445 esse,
1466 1378 1553 1446 ipsum
1569 1376 1641 1432 intus
1651 1378 1678 1432 in
1692 1389 1765 1433 tem·

136 1467 260 1533 Francia,
275 1481 308 1521 es
323 1464 460 1529 Vandalis,
475 1479 508 1520 et
523 1464 697 1530 hlanrritania,
708 1480 742 1520 ex
754 1464 873 1533 Gotthia,
886 1474 925 1532 et,
977 1472 1021 1539 plo
1047 1469 1197 1533 emoluerit,
1221 1480 1248 1524 et
1274 1467 1300 1522 iu
1323 1475 1434 1536 peceato
1459 1480 1509 1521 suo
1520 1467 1633 1521 interiit.
1649 1466 1764 1522 Beatum

136 1569 166 1614 nt
180 1557 327 1628 generatim
337 1556 435 1621 dicam,
445 1570 478 1609 er
490 1561 546 1609 toto
559 1555 680 1610 interiori
690 1554 845 1610 Occidente.
858 1556 924 1611 Corn
976 1573 1041 1613 vero
1064 1573 1124 1614 ease
1148 1559 1290 1614 hlautinuru
1314 1565 1429 1612 testatur
1453 1555 1548 1611 ciuitas
1568 1555 1725 1619 chersonis.
1739 1557 1768 1613 in

136 1659 225 1702 autem
242 1645 432 1708 aduenissent,
448 1654 474 1698 ct
489 1645 516 1697 in
530 1645 588 1699 suis
610 1644 763 1715 regionibus
777 1646 872 1716 singuli
882 1647 926 1716 jn-
976 1663 1055 1718 quam
1069 1650 1201 1719 relegatus
1211 1655 1263 1713 est,
1278 1657 1305 1702 et
1323 1647 1455 1716 Bosphori
1470 1654 1596 1715 totusque
1611 1647 1769 1716 Septentrio

137 1738 232 1792 scurilia
256 1748 300 1790 tua
323 1733 489 1805 pueriliaque
513 1734 580 1789 lacta
606 1746 771 1805 narrassent,
786 1744 849 1792 tuuc
863 1752 924 1806 pro·
939 1726 1004 1798 Bet
1025 1742 1118 1796 incole
1140 1741 1347 1810 septentrionis,
1371 1741 1416 1811 qui
1430 1741 1464 1796 ad
1487 1744 1768 1813 monumentumajm

135 1830 205 1899 jecta
219 1830 320 1882 laurata
334 1835 379 1881 tua
393 1825 638 1895 conculcatorem
663 1826 759 1881 taciem
775 1836 847 1880 tuam
860 1841 925 1882 con·
976 1840 1129 1897 accurrunt,
1152 1838 1181 1885 et
1207 1830 1359 1885 curationes
1381 1831 1525 1901 accipiunt.
1552 1835 1640 1900 Atque
1659 1833 1767 1889 utinam

138 1921 281 1983 ciderunt,
309 1933 341 1971 ac
365 1917 473 1973 delectu
502 1915 592 1970 habito
618 1917 786 1988 longobardi
808 1925 836 1972 et
861 1919 926 1974 Sor·
976 1921 1023 1976 liei
1040 1934 1151 1975 munere
1164 1919 1242 1975 nohis
1254 1923 1403 1991 contingat,
1415 1933 1443 1976 ut
1459 1937 1506 1991 per
1521 1921 1709 1979 ilartiniriam
1721 1924 1768 1979 in-

142 2017 237 2075 nuatur,
252 2007 396 2076 caeterique
415 2007 460 2075 qui
485 2006 519 2061 ad
545 2006 760 2075 Septentrionem
784 2008 922 2075 habitant,
975 2012 1113 2078 cedamus,
1128 2009 1236 2065 tametsi
1247 2010 1282 2065 ob
1292 2010 1377 2080 plebis
1390 2012 1530 2083 utilitatem
1541 2012 1632 2069 uiuere
1643 2015 1769 2071 nolumus

141 2103 265 2155 miseram
306 2097 459 2165 hierapolim
500 2096 697 2152 irrcrrrsionihns
735 2099 924 2166 iniestarnot,
976 2108 1004 2155 et
1025 2098 1211 2170 supervivere,
1236 2101 1449 2172 quarrdoquidem
1471 2102 1602 2158 Occidens
1624 2104 1768 2161 universas

139 2191 277 2259 ipsumque
310 2187 478 2256 metmpolim
511 2184 666 2240 husenuam
691 2196 874 2256 succeperunt,
897 2197 925 2242 et
975 2189 1009 2243 ad
1034 2189 1210 2245 humilitatem
1236 2200 1354 2246 nostram
1379 2191 1510 2247 convertit
1533 2193 1685 2259 oculos,ac
1703 2194 1771 2250 licet

143 2280 238 2349 eiectis
274 2276 474 2347 magistratibus
507 2277 585 2342 tuis,
614 2277 738 2345 proprius
763 2278 926 2334 constituere
976 2280 1044 2335 tales
1070 2295 1122 2335 non
1151 2281 1235 2337 simus
1260 2295 1321 2348 uos,
1342 2282 1380 2336 illi
1407 2291 1495 2337 tameo
1511 2286 1770 2353 magnoperenohls

139 2376 327 2444 magistratos;
343 2382 371 2427 et
383 2372 485 2426 uicinas
500 2369 576 2426 nohis
586 2370 665 2426 aedes
679 2372 775 2440 regias,
787 2370 927 2440 ipsamque
976 2370 1124 2435 cnrdrduut,
1144 2379 1172 2426 et
1194 2372 1221 2426 in
1247 2385 1320 2437 eum,
1340 2370 1419 2442 cnjus
1432 2372 1572 2428 denuntias
1583 2383 1611 2429 te
1623 2374 1769 2444 imaginem

139 2468 250 2521 ltnmam
274 2464 314 2520 sic
338 2471 454 2519 tractare
475 2470 636 2527 statuemur,
653 2474 715 2515 cum
729 2469 817 2515 tunos
830 2461 925 2517 deleu-
976 2473 1131 2513 eversurum
1151 2470 1232 2530 atque
1257 2462 1421 2527 deleturum,
1449 2463 1534 2517 sancti
1561 2462 1663 2519 scillcet
1681 2464 1769 2533 Petri,

137 2561 202 2614 dere
225 2555 336 2612 minime
360 2555 459 2624 possis.
487 2551 521 2606 Et
542 2551 599 2606 ltaec
621 2552 657 2606 uh
670 2550 878 2620 imprudentiam
891 2565 925 2607 ae
977 2565 1057 2620 quern
1072 2553 1161 2606 omnia
1176 2554 1331 2610 occidentis
1344 2556 1509 2625 regnaretur
1520 2555 1599 2609 deum
1611 2557 1770 2613 terrestrem

137 2648 277 2704 stultitiam
305 2644 466 2702 sustinuisti.
491 2643 526 2697 ht
558 2642 630 2697 enim
659 2655 705 2697 eus
727 2641 925 2711 perterrefacis,
977 2641 1085 2698 habeut.
1101 2643 1177 2710 Qurod
1190 2645 1213 2699 si
1228 2644 1280 2699 hoe
1294 2646 1361 2701 nelis
1374 2647 1499 2716 experiri,
1516 2647 1594 2716 plane
1607 2647 1770 2714 paratisunt

141 2742 263 2808 aisque:
289 2737 401 2791 ilomam
429 2734 547 2798 mittam,
563 2743 589 2788 et
599 2733 740 2801 imaginem
755 2734 840 2789 saneti
855 2733 926 2790 Petri
977 2732 1162 2790 Occidentales
1184 2734 1276 2790 ulcisci
1298 2736 1378 2790 etiam
1401 2736 1562 2803 orientales,
1576 2750 1643 2805 quos
1657 2736 1768 2806 injuriis

136 2832 316 2899 constringam
332 2825 380 2882 sed
398 2834 427 2880 et
440 2824 599 2895 Gregorium
615 2824 689 2878 illinc
701 2824 855 2895 pontilicem
867 2827 926 2880 rin·
977 2821 1100 2878 admisti.
1118 2822 1308 2878 Verumtamen
1324 2838 1372 2894 per
1384 2822 1526 2878 Dominum
1538 2834 1565 2880 tc
1577 2825 1768 2897 obsecramus,

137 2934 209 2977 ertum
221 2918 318 2974 adduci
334 2918 444 2983 curabo,
461 2924 474 2952 ¹
494 2918 564 2971 sicut
582 2915 723 2970 ilartinum
736 2916 927 2972 Constantinus
977 2933 992 2972 a
1012 2918 1176 2990 juvenilibus
1193 2933 1225 2974 ac
1236 2919 1383 2989 puerilibus
1394 2918 1471 2974 luctis
1485 2930 1619 2975 auertere.
1635 2919 1697 2975 Scia
1709 2920 1769 2975 iio-

47 3047 52 3057 ·
137 3010 330 3082 werstanum,
356 3003 502 3076 Constans]
522 3005 619 3060 adduci
639 3005 730 3074 jussit.
744 3005 822 3061 Scire
835 3019 926 3062 autem
980 3024 1051 3064 mam
1075 3010 1166 3066 ulcisci
1187 3010 1330 3081 imperium
1355 3019 1429 3065 tuum
1457 3023 1510 3064 non
1526 3024 1615 3080 posse,
1631 3011 1682 3065 nisi
1697 3010 1771 3067 torta

136 3101 220 3157 clabes
240 3114 273 3154 ac
292 3112 341 3168 pro
364 3104 439 3152 certo
458 3094 570 3159 habete.
583 3094 723 3163 pontificia
737 3096 783 3165 qui
796 3108 845 3164 tiri>
858 3102 927 3148 tem·
940 3071 964 3134 C
979 3102 1063 3156 solum
1080 3102 1174 3157 urbem
1190 3111 1302 3172 propter
1314 3101 1440 3171 adiacens
1455 3101 1492 3155 illi
1508 3114 1582 3157 mare
1595 3115 1627 3155 ac
1641 3101 1769 3172 nauigia:

139 3207 204 3261 'mea
224 3190 316 3245 homar
339 3187 505 3253 exstiterint,
526 3186 699 3241 concilianda
710 3187 784 3256 pacis
793 3201 872 3241 causa
884 3200 927 3240 ae·
978 3199 1008 3246 ut
1021 3191 1093 3247 euim
1107 3201 1171 3249 ante
1183 3192 1310 3259 diximus,
1326 3193 1349 3247 si
1362 3192 1395 3246 ad
1412 3200 1563 3261 quatuoret
1574 3191 1664 3261 uiginti
1678 3191 1771 3247 stadia

141 3286 208 3339 clere
224 3289 351 3350 tanquam
378 3278 508 3346 parietem
533 3277 748 3347 integerrimum,
767 3285 927 3346 septumque
974 3267 1062 3336 'homa
1075 3281 1154 3337 luerit
1166 3296 1292 3354 egressus
1305 3295 1384 3352 papa,
1399 3281 1465 3336 nihil
1482 3290 1542 3336 tiras
1553 3282 1639 3336 minas
1652 3282 1771 3337 extima·

139 3374 292 3430 medianum
302 3370 418 3426 Orientis
430 3378 457 3425 et
466 3368 629 3435 Occidentis,
641 3383 673 3423 ue
685 3369 760 3436 pacis
773 3368 889 3423 arbitros
898 3375 928 3424 at
978 3374 1040 3431 acia
1059 3373 1148 3431 linum
1173 3385 1216 3431 esc
1238 3374 1307 3444 quod
1319 3388 1368 3429 nos
1378 3374 1447 3428 merlo
1462 3373 1551 3441 trahet,
1566 3374 1635 3441 qnod
1647 3384 1773 3443 agreria

138 3465 320 3521 thodettlorss
343 3476 414 3526 0⁸³0·
439 3461 614 3531 q⁰5l⁰⁰²¹¹¹⁰
627 3463 735 3516 luerunt
749 3461 926 3529 imperatores
978 3465 1126 3522 etbarltari
1152 3468 1283 3522 mansueti
1308 3466 1382 3530 liant,
1404 3474 1432 3519 et
1456 3473 1484 3518 tu
1504 3474 1658 3518 mansuetus
1671 3474 1773 3522 contra

138 3557 228 3612 iuhoe
256 3551 449 3623 componendae
478 3553 553 3623 pacis
578 3553 725 3608 certamine
749 3552 924 3607 desudarunt.
977 3558 1092 3627 agrestia
1116 3565 1144 3613 et
1170 3556 1252 3612 leros.
1283 3556 1367 3612 ‘lotus
1393 3555 1525 3611 Occidens
1543 3554 1770 3625 sanutoprincipi

138 3644 215 3710 Quod
230 3645 252 3699 sl
264 3646 342 3700 nohis
359 3643 506 3699 insolenter
521 3644 644 3706 insultes,
657 3653 685 3699 et
698 3645 785 3698 minas
800 3644 924 3708 intentes,
978 3648 1162 3719 apostolorum
1185 3647 1237 3704 lida
1260 3648 1360 3703 lructur
1380 3646 1470 3702 otlert.
1495 3646 1609 3715 Quodsi
1625 3646 1771 3718 quospiam

138 3750 191 3790 non
216 3749 259 3791 os.
283 3736 360 3791 tineis
385 3749 499 3790 necesse
513 3743 601 3791 tecum
614 3735 640 3789 in
657 3745 795 3790 certamen
810 3735 928 3791 descen·
980 3740 1014 3794 ad
1024 3737 1195 3794 euertendam
1218 3739 1360 3809 imaginem
1374 3736 1480 3792 miseris
1494 3737 1579 3793 sancti
1595 3735 1678 3801 Petri,
1690 3738 1765 3806 ride,

138 3829 203 3884 dere
217 3846 224 3882 :
240 3828 273 3882 ad
286 3837 400 3898 quatuor
418 3836 446 3881 et
461 3826 557 3895 viginti
571 3827 656 3882 stadia
672 3826 782 3882 secedet
793 3826 819 3881 in
835 3829 926 3897 regio·
980 3840 1159 3898 protestamur
1172 3829 1230 3896 tihi,
1246 3829 1402 3884 innocentes
1415 3842 1507 3884 suimus
1519 3842 1533 3881 a
1544 3830 1672 3897 sanquine
1684 3841 1770 3896 quem

138 3933 200 3974 uem
220 3919 374 3988 Campania
398 3919 536 3973 ilomanus
558 3920 693 3986 pontitex:
720 3929 774 3974 turn
794 3929 822 3974 tn
846 3921 925 3988 rado,
980 3919 1066 3974 lostrrl
1081 3927 1160 3986 sunt;
1176 3933 1269 3974 serum
1284 3919 1311 3973 iu
1324 3918 1446 3974 ceruices
1457 3929 1518 3973 tuas
1529 3925 1557 3972 et
1570 3919 1684 3985 incapnt
1693 3930 1772 3974 touta

141 4009 155 4045 ¹³
171 4019 267 4064 tentus
294 4023 463 4079 persequere.
487 4009 674 4062 Praedecessor
698 4022 789 4064 sinister
799 4010 928 4064 ilartinns
981 4009 1031 4063 ista
1047 4010 1178 4065 recident
1194 4010 1285 4079 Nuper
1298 4010 1428 4079 siquidem
1445 4009 1478 4063 ah
1489 4008 1609 4065 interiori
1623 4008 1774 4066 Occidente

143 4101 263 4168 pnnriier
289 4099 321 4157 nd
344 4112 438 4169 pacem
459 4099 605 4151 cohortans
619 4096 747 4163 sedehut;
764 4098 931 4152 idcircoma·
984 4114 1079 4170 preces
1108 4102 1178 4155 illius
1197 4116 1277 4171 quern
1301 4101 1440 4171 Septetum
1455 4101 1771 4172 appellantamepinus.

144 4215 222 4267 docet
233 4226 260 4278 p.
276 4210 326 4265 teti
340 4205 522 4282 :archipresb
538 4206 846 4280 superopdlei.elapud
858 4221 933 4260 ettnt·
987 4211 1087 4267 dicunt.
1104 4209 1213 4262 variant
1226 4210 1306 4263 etiam
1318 4218 1441 4265 auctores
1455 4212 1482 4264 in
1498 4213 1604 4265 nomine
1616 4214 1774 4280 exprimen-

143 4287 235 4337 utenrrr
254 4280 455 4353 ωτοσπαθὰριος.
471 4279 671 4344 spathariorum
686 4276 811 4345 princeps
823 4277 933 4345 Sergius
985 4282 1021 4335 on
1048 4279 1214 4348 percussoris
1241 4280 1311 4346 eius,
1335 4296 1414 4349 quem
1442 4281 1560 4335 Zonaras
1583 4291 1610 4335 et
1633 4282 1774 4341 &demina

142 4300 357 4405 senescemus
373 4348 531 4414 appetimur,
547 4355 575 4400 et
595 4348 933 4415 nCrrropalateiuicrmn-
984 4355 1094 4416 ιιιζίζιιν
1113 4348 1255 4433 'appium
1286 4348 1415 4403 dliairiurn
1437 4352 1601 4416 Armenium,
1627 4354 1774 4409 translator

143 4422 271 4491 gistratna
286 4417 466 4498 irnperntoria⁵
477 4415 545 4470 aule
559 4428 723 4478 numeratur,
744 4417 788 4485 qui
802 4426 829 4471 et
850 4417 932 4497 impe·
943 4391 971 4451 Ῑ)
984 4419 1168 4489 'theophanus
1184 4419 1229 4483 qui
1241 4423 1371 4474 asseritur
1386 4420 1481 4473 Paullus
1495 4421 1633 4482 diaconus,
1647 4420 1772 4491 ilrtiuma

145 4492 242 4545 raterii
261 4492 307 4547 τὴν
328 4487 440 4549 σπάθαι,
457 4487 482 4539 td
507 4493 558 4549 est,
573 4501 678 4550 cursem,
698 4498 816 4556 gestasse
830 4500 930 4554 punct·
982 4491 1176 4544 Constantinus
1191 4489 1336 4555 llanosses,
1352 4489 1379 4543 iu
1391 4491 1501 4543 historia
1514 4505 1572 4555 suu,
1582 4490 1700 4556 politicis
1709 4507 1773 4549 uer·

146 4575 207 4630 pern
221 4573 320 4629 genere
334 4557 484 4627 proximum
509 4555 614 4609 scribit.
645 4555 766 4611 ilerninit
786 4563 814 4609 et
835 4555 932 4609 Paulus
980 4560 1055 4614 sibura
1066 4560 1178 4622 scripta,
1193 4560 1338 4622 iliriaium,
1351 4563 1394 4616 καὶ
1413 4562 1729 4636 supervenientium
1741 4564 1773 4619 ε,

146 4632 273 4684 diaconus
299 4643 347 4697 pro
370 4625 534 4695 Theophane
550 4626 706 4695 inscriptus,
728 4627 773 4678 tin.
790 4639 845 4679 xrn
859 4625 931 4705 iuter
980 4631 1100 4690 Σικελίας.
1116 4627 1261 4697 Gregorius
1282 4628 1326 4682 hic
1348 4629 1512 4684 Neceurium
1534 4629 1608 4684 dicit.
1631 4629 1774 4686 Lihrarln-

146 4702 253 4755 tronrina
282 4698 485 4766 magistratuum
511 4699 686 4763 quorumdum
701 4736 708 4759 ,
735 4693 930 4762 ‘lirenphylaett
981 4715 1040 4754 rurrn
1054 4700 1133 4766 culpa
1147 4700 1260 4753 lortasse
1273 4712 1370 4753 nornen
1380 4699 1522 4752 heritarum
1537 4700 1706 4754 immutatum
1716 4712 1772 4766 est,

151 4769 298 4832 candidati,
312 4783 356 4822 an.
368 4766 404 4821 25
418 4766 584 4820 Cortstannni
604 4766 775 4834 Gopronyrui.
790 4765 932 4832 luitpran-
982 4769 1023 4823 uel
1039 4770 1191 4838 interpretis
1205 4769 1302 4834 Graeci,
1327 4768 1371 4836 qni
1386 4780 1413 4823 et
1427 4768 1469 4821 hie
1483 4768 1551 4823 lnrte
1567 4782 1615 4839 pro
1630 4768 1729 4824 balneo
1741 4772 1774 4828 ri

148 4840 199 4894 dtis
211 4837 372 4903 Ticinettais,
388 4837 435 4890 lih.
451 4850 488 4899 tt,
500 4849 524 4890 c.
535 4832 561 4888 5.
570 4834 659 4888 Turba
672 4845 728 4901 pust
743 4834 792 4887 laos
802 4836 931 4887 immensa
981 4841 1048 4914 inpia
1060 4840 1183 4906 scripsit;
1196 4853 1256 4891 nam
1267 4839 1311 4891 alii
1322 4852 1417 4892 ornnes
1428 4839 1454 4891 in
1470 4838 1576 4902 balneo,
1594 4853 1646 4892 tren
1657 4837 1685 4893 iq
1703 4849 1773 4895 ιω.

148 4919 258 4962 roratur
271 4905 556 4975 protospathariorum,
573 4905 780 4967 saltuariorum,
807 4901 931 4957 earrdida·
983 4914 1037 4978 pilo,
1052 4906 1225 4962 Corratantem
1238 4918 1362 4962 necatum
1375 4917 1510 4975 asserunt,
1523 4917 1568 4963 aut
1589 4909 1667 4963 aliter
1688 4907 1774 4965 landa

150 4990 248 5040 turtius,
262 4987 288 5034 et
304 4979 329 5031 id
340 4992 424 5046 genus
438 4975 574 5029 clientum.
588 4921 625 5026 lix
643 4983 755 5041 utruque
765 4986 863 5041 genere
877 4987 930 5026 nra·
981 4978 1101 5034 ,unitum
1114 4978 1205 5030 1101„ae
1218 4974 1278 5031 Μὴ,

145 5049 273 5116 gistratua
288 5049 338 5101 huc
353 5041 614 5113 spatharocznndidati
632 5041 701 5096 lorte
715 5042 822 5096 conlinit.
1018 5045 1031 5084 i
1052 5045 1145 5100 Ventos
1161 5060 1319 5115 persequere.
1334 5044 1436 5099 hllrrdit
1455 5045 1489 5100 ad
1507 5045 1570 5099 illud
1586 5046 1773 5103 Ecclesiastici

183 5118 283 5169 'Sicut
308 5115 449 5168 uortiuuut
476 5113 667 5168 Corntantt'nres.
690 5110 930 5166 Paulusdiueouus
981 5118 1176 5180 quisqam
1195 5114 1345 5191 δραξόμηος
1368 5121 1510 5180 quamue
1531 5116 1628 5171 appu„
1649 5117 1774 5184 mm,

145 5186 319 5239 contaminem
333 5183 437 5244 scrihit,
453 5183 489 5236 hh
513 5197 588 5246 xsrrr,
601 5193 724 5249 nepotem
751 5181 875 5244 ilcraclti,
891 5180 931 5233 in·
983 5188 1063 5249 Queri
1073 5188 1116 5255 qui
1136 5187 1303 5256 apprehendit
1314 5185 1440 5251 nmirum,
1457 5196 1481 5240 er
1495 5188 1654 5256 persequitur
1667 5199 1773 5252 emtor,

145 5258 210 5309 dict.
228 5250 593 5321 ⁸2²⁰¹¹⁰li¹¹h0¹ll⁸¹¹i¹¹⁰¹¹⁰
612 5262 734 5305 'lucium
748 5250 930 5304 Mirllttumel
982 5259 1073 5326 ricqui
1089 5255 1354 5310 intemlitimomnir'a.
1376 5256 1471 5309 Simile
1494 5257 1557 5311 illud
1581 5270 1613 5307 er
1641 5253 1774 5322 prolenis,

147 5325 290 5380 llarnnnrn
304 5319 375 5388 apud
387 5322 590 5374 tjtucrsunnmet
604 5322 654 5374 ulia
666 5322 772 5376 climata
785 5324 929 5386 relegasse,
982 5325 1098 5398 Ἀνέμους
1110 5332 1245 5402 propprie,
1255 5335 1343 5378 uentos
1354 5326 1427 5391 colis,
1441 5326 1466 5378 in
1477 5340 1525 5379 ens
1539 5324 1611 5391 quie
1624 5326 1682 5377 suis
1696 5325 1760 5377 ialin

146 5394 218 5461 ΨΜ
234 5391 469 5449 u⁰¹¹⁰¹¹¹⁶¹5¹²i⁰¹¹¹
492 5389 692 5443 ⁰¹¹'015m150011
712 5392 843 5444 flieiettl·
859 5389 930 5444 fldem
984 5398 1058 5451 rihus
1073 5397 1139 5450 nihil
1153 5400 1255 5449 inunctus
1271 5405 1416 5463 reportant.
1433 5405 1460 5449 et
1472 5409 1505 5448 es
1520 5394 1666 5449 Clerumuis
1682 5395 1776 5447 lstrn·

146 5467 285 5520 Cedrenns
298 5475 369 5515 aritio
380 5462 437 5528 ejus
458 5454 712 5513 tauretunensis.
733 5459 786 5513 Sed
801 5461 932 5513 dnnstan·
982 5476 1055 5520 curate
1070 5466 1213 5534 prulertur.
1227 5466 1298 5533 qnod
1313 5472 1355 5518 est
1370 5466 1449 5519 i'rnr.
1474 5480 1528 5526 rur,
1552 5463 1568 5516 i
1585 5481 1592 5516 ι
1608 5463 1660 5530 Qui
1680 5461 1776 5515 nititur

151 5536 235 5586 tiuatn
252 5532 294 5586 liic
308 5533 425 5600 appellat
437 5529 584 5598 Gregorius
596 5530 819 5596 anmadrnodum
832 5539 859 5583 et
871 5528 931 5583 huo
982 5537 1132 5604 memoriis,
1144 5538 1184 5590 hio
1198 5536 1279 5606 pascit
1290 5545 1387 5601 aeriter,
1403 5536 1470 5590 idem
1489 5546 1574 5587 autent
1587 5532 1776 5603 seguinum

150 5601 306 5657 ilienneusis
320 5602 345 5654 in
358 5600 502 5662 Chronico,
514 5614 558 5653 arn.
576 5602 638 5657 llll.
652 5611 678 5653 et
694 5600 831 5667 catalogus
846 5599 931 5665 impe-
982 5611 1106 5658 solemn,

146 5681 265 5726 saturnu
287 5671 406 5726 Orientis
431 5670 551 5735 dracus,
580 5684 658 5737 quem
685 5671 729 5724 ulii
757 5667 930 5722 constannens
