3832 6114
137 291 191 349 euti
659 285 798 371 nutrita
819 284 850 339 ΙΙΙ
872 276 1080 338 stutttttttttt
1099 279 1215 336 Parati
1237 279 1268 335 li.
1716 272 1768 335 'bit

133 402 307 477 peregrinum
331 411 395 452 ruas
419 397 491 452 rutsit
508 397 609 452 litteras
632 399 726 469 Pipino
741 401 797 471 regi
814 398 930 453 Franco·
944 400 968 459 Α
983 396 1088 466 pltanus
1106 408 1174 464 papa
1189 393 1286 448 direxit
1300 393 1331 448 ad
1347 394 1496 449 eumdem‘
1517 392 1701 466 blasphemum
1725 413 1769 454 re·

136 509 197 553 rum
218 490 302 547 uitulo
312 487 407 543 dolore
422 487 484 542 lruic
500 490 643 556 provinciae
656 491 796 546 inhaerenti
812 465 932 544 cannri·
984 502 1043 558 genn
1055 500 1133 542 auum
1146 487 1259 541 naissum
1276 500 1323 554 pro
1339 499 1387 540 sua
1399 492 1426 539 et
1440 484 1484 554 aui
1496 499 1555 540 eum
1566 500 1599 541 eo
1615 487 1676 542 ituri
1691 500 1764 544 erant

136 593 207 657 praa.
983 576 1170 633 indemnitate.
1185 576 1298 646 ipsaque
1309 589 1418 630 reverso
1430 576 1613 645 extempto‚et
1624 578 1696 632 missi
1709 578 1765 648 lano

174 673 244 731 'bd
263 671 429 727 buueetiam
455 670 799 742 nunccessaritrlirigens,
818 682 847 724 nt
869 685 931 726 suos
986 666 1033 723 lati
1063 665 1167 737 Pippini
1193 666 1264 738 regis
1297 665 1464 721 Francorum
1489 665 1706 735 coujunxerunt,
1740 667 1765 721 id

138 768 183 827 bic
198 768 312 823 bamam
323 777 381 832 rpse
395 763 559 818 Francorum
573 779 617 817 rer
635 764 754 821 mitteret
768 766 933 833 tartaronum
983 767 1025 815 ost
1036 765 1059 798 ¹⁰
1074 754 1247 828 iiodlgangus
1266 756 1417 826 episcopus,
1433 762 1461 811 et
1474 759 1497 797 ¹¹
1514 754 1692 811 Autecirarius
1706 754 1770 829 dux,

137 860 210 934 qurrd
227 872 291 915 cunr
303 856 337 912 ad
353 871 383 911 se
403 855 528 910 accersiri
545 854 665 910 lecisset.
682 855 750 911 lium
769 857 780 888 r
797 855 883 911 aalide
898 856 933 909 ab
983 859 1115 920 quatenus
1142 847 1298 919 praedictum
1337 847 1534 903 sanctissimum
1560 862 1654 918 papam
1677 846 1687 920 (
1697 846 1772 918 juata

137 955 234 1013 eudem
260 949 579 1020 borrgobardorumrege
602 949 723 1005 ciuitates
742 960 770 1005 et
792 950 932 1021 provincia
983 940 1053 1012 guod
1077 938 1194 1009 eomodo
1217 937 1348 1009 miserat)
1377 939 1410 993 ad
1432 953 1511 994 auum
1539 938 1658 995 Francia)
1680 953 1770 1010 regent

137 1044 189 1105 uu
212 1043 394 1100 Romanorum
410 1039 649 1109 opprimeremur,
678 1038 769 1094 subito
794 1039 933 1109 cunjunxit
982 1030 1167 1096 deducerunt,
1191 1045 1271 1101 quern
1300 1031 1380 1086 etiam
1407 1038 1528 1100 paratum
1557 1031 1715 1088 inuenerant
1739 1029 1773 1089 ad

139 1134 329 1204 ambrosiam
345 1129 393 1186 lati
408 1132 480 1202 regis
494 1145 508 1184 a
523 1115 686 1186 Francorum
705 1130 813 1186 nomine
827 1129 932 1186 'liudi
984 1123 1144 1199 pradictum
1173 1123 1410 1194 Langobardorum
1437 1139 1529 1197 regern
1555 1123 1771 1193 properandum,

139 1243 245 1305 gargar
259 1227 353 1291 abbas,
375 1238 423 1295 per
445 1237 524 1292 utrem
546 1222 620 1279 misit
633 1223 660 1278 in
675 1223 810 1292 responsis
825 1238 933 1278 omnem
985 1229 1034 1285 pro
1048 1214 1237 1287 recolligendis
1251 1215 1384 1272 universis
1397 1215 1540 1276 dominicis
1553 1216 1663 1286 perditis
1678 1216 1699 1251 ¹¹
1716 1218 1773 1277 ori·

140 1322 307 1378 munuum
341 1330 374 1371 tc
406 1314 569 1384 petitionem
610 1314 732 1386 praedicti
770 1312 934 1368 sanctissimi
986 1306 1065 1363 iilius.

139 1414 242 1487 inape
260 1407 465 1478 readirnplere.
495 1407 529 1461 Et
553 1406 723 1476 postmodum
750 1406 817 1460 alius
836 1407 935 1460 missua
1020 1397 1096 1454 ‘lunc
1113 1397 1135 1430 ¹⁸
1147 1398 1291 1455 consulens
1303 1396 1373 1454 idem
1385 1396 1555 1454 beatissimus
1567 1412 1634 1469 papa
1649 1398 1772 1469 ornrnipn·

140 1501 280 1561 latuitiarle
291 1502 351 1571 eius
365 1497 519 1567 coniunxit,
544 1511 575 1552 ea
592 1498 648 1565 ipsa
662 1498 834 1552 annuntians.
859 1510 865 1533 ι
986 1490 1067 1546 tentis
1080 1491 1128 1546 liei
1143 1491 1226 1546 nostri
1241 1490 1473 1558 misericordiam,
1487 1505 1612 1563 egressus
1625 1501 1667 1549 est
1678 1492 1712 1547 ab
1727 1492 1777 1550 irae

175 1592 327 1664 Cumquea
343 1587 538 1659 Langobardis,
552 1597 582 1642 ut
595 1587 734 1658 praelatum
750 1597 801 1654 est,
825 1587 934 1656 antiqua
986 1581 1107 1639 Romana
1130 1584 1195 1640 urbe
1212 1585 1246 1639 ad
1267 1584 1373 1640 beatum
1390 1584 1500 1640 Petrum
1515 1588 1674 1656 apostolum,
1692 1586 1716 1623 ¹⁸
1729 1588 1776 1645 dev

143 1682 496 1746 urbanicianorum
514 1677 636 1733 universa
647 1678 883 1748 distringerentur,
900 1677 935 1731 ita
987 1674 1058 1730 eiuro
1072 1687 1168 1746 quarto
1184 1676 1226 1730 dic
1247 1675 1347 1731 mensis
1367 1676 1507 1744 Octobris,
1530 1677 1675 1734 indictione
1694 1680 1775 1750 rapti·

143 1776 228 1834 etiam
248 1782 278 1829 ut
290 1773 302 1805 ⁸
314 1771 495 1827 Ciaccanense
516 1769 668 1835 castelium,
683 1770 753 1836 quod
774 1770 932 1825 colonorum
948 1771 971 1830 Β
987 1781 1048 1833 ma;
1062 1767 1146 1822 sacnti
1161 1776 1222 1822 suut
1236 1781 1295 1821 eum
1311 1769 1401 1838 plures
1412 1767 1611 1836 Romanorum,
1625 1778 1653 1824 et
1665 1778 1777 1827 caetera·

144 1877 247 1925 sancte
259 1863 306 1919 liei
322 1861 451 1917 Ecclesia
462 1859 594 1915 existebat
605 1872 756 1931 uarrrparet,
773 1858 786 1899 Ι
799 1859 868 1914 illico
880 1861 890 1892 Ι
903 1860 935 1915 ad
987 1872 1047 1913 rum
1060 1857 1196 1914 ciritatum
1212 1858 1312 1929 populi,
1326 1859 1420 1915 tientes
1432 1859 1629 1931 ululantesque,
1640 1872 1668 1919 et
1681 1878 1779 1935 nequa·

144 1959 246 2030 regiam
261 1955 356 2011 orbern
382 1954 524 2021 conjunxit
545 1951 688 2021 snpelatus
710 1952 828 2007 luarmes
852 1953 937 2020 impe·
987 1962 1067 2018 quarn
1090 1963 1152 2003 cum
1168 1948 1274 2018 penitus
1288 1949 1426 2005 ambulare
1438 1950 1574 2008 sinebant.
1589 1952 1639 2021 Qui
1655 1953 1780 2016 videlicet

144 2054 221 2113 rialis
248 2050 413 2109 silentiarius
440 2064 501 2103 curn
528 2048 618 2102 missis
647 2047 731 2117 ipairrs
770 2047 934 2102 sarrctissimi
991 2039 1180 2096 sanctissimus
1197 2041 1239 2094 uir
1257 2053 1318 2096 sese
1336 2040 1363 2096 in
1384 2042 1433 2098 liei
1452 2043 1550 2101 rirtute
1568 2056 1596 2101 et
1614 2050 1780 2115 protectione

144 2144 290 2217 pontilicis,
304 2142 428 2199 deterens
444 2156 536 2196 secum
551 2149 578 2196 et
599 2155 658 2210 qum
681 2141 869 2209 deportaverat
885 2138 936 2194 ini·
988 2138 1089 2185 sanctae
1111 2130 1156 2185 Dei
1178 2130 1340 2199 Genitricis,
1356 2141 1383 2187 et
1398 2134 1536 2190 beatorum
1553 2137 1700 2211 principum
1716 2155 1781 2210 apu-

144 2239 191 2311 gei
211 2235 447 2308 Langobardorum
468 2233 540 2304 regis
556 2233 664 2300 missus,
685 2232 764 2288 simul
785 2241 813 2288 et
833 2231 934 2302 jussio.
990 2222 1130 2287 stolarum,
1143 2222 1165 2254 ²⁸
1176 2222 1314 2278 conlidens
1328 2230 1483 2281 constanter
1494 2242 1542 2295 pro
1553 2227 1778 2297 salemanniam,

145 2342 209 2385 uem
225 2325 401 2397 imperialem,
419 2324 445 2378 in
459 2339 510 2393 qna
535 2323 620 2380 iuerat
641 2325 817 2380 inserturn⁷a
832 2324 936 2393 longa.
991 2314 1055 2370 licet
1078 2314 1234 2370 infirmitate
1259 2315 1381 2385 corporis
1403 2317 1425 2350 ¹⁸
1450 2319 1590 2388 detentus,
1618 2322 1779 2379 laboriosum

148 2418 295 2475 bardorum
310 2415 523 2487 rege,eumdem
545 2416 743 2471 sanctissimum
766 2429 860 2486 papam
877 2429 938 2471 esse
990 2416 1132 2477 submitti
1155 2414 1196 2461 0⁵¹
1211 2405 1272 2472 iles·
1287 2403 1460 2476 0⁰sss⁰t¹²t¹¹⁸‚
1486 2421 1565 2482 atque
1587 2417 1780 2477 commendans

150 2521 323 2582 properatum
337 2510 373 2564 ob
386 2509 566 2577 recipiendam
581 2507 776 2564 Rauennatium
787 2507 894 2570 urbem,
911 2515 938 2562 et
991 2507 1115 2553 cunctam
1142 2497 1304 2554 dominicam
1326 2499 1431 2570 plebem
1453 2501 1524 2558 bano
1544 2506 1640 2573 narrari
1665 2507 1780 2563 batarino

148 2605 273 2659 ciuitates
288 2601 300 2635 ⁸
313 2607 339 2658 et
353 2601 529 2671 pertinentes.
547 2598 598 2655 Pro
612 2613 664 2669 quo
679 2607 706 2655 et
727 2596 851 2668 presenti
877 2597 938 2653 Ste·
992 2602 1103 2660 nostro,
1119 2600 1147 2648 et
1160 2593 1298 2649 beatorum
1320 2595 1502 2665 apostolorum
1518 2596 1630 2670 principi
1644 2599 1734 2657 Petro.
1751 2603 1782 2660 bt

761 2706 955 2766 vanitantis
973 2706 1172 2765 anemonas

187 2810 277 2866 xCod.
293 2808 370 2872 Luc,
387 2804 566 2860 ddlrucetiam
587 2821 649 2859 raon.
810 2811 816 2822 '
1009 2799 1050 2881 ,Ἰ
1067 2799 1132 2856 eat.
1160 2802 1240 2865 Luc..
1269 2802 1466 2873 llotbinpandaa
1491 2805 1624 2877 epiecopus
1651 2810 1680 2864 t'rt
1694 2808 1720 2863 1³
1723 2826 1784 2867 run·

170 2882 278 2936 ¹‘Coti
296 2880 371 2944 Luc,
385 2878 470 2930 ualde.
991 2884 1068 2926 ctam.

187 2951 279 3008 'Cod
294 2951 369 3012 Luc„
388 2946 567 3016 narranaam.
1028 2943 1051 2981 ‘¹
1065 2941 1119 3004 Al„
1134 2941 1282 2997 dattcarr'ur.

185 3021 198 3053 ⁸
216 3024 271 3086 At..
287 3019 383 3072 Patria.
1028 3004 1052 3043 ⁸¹
1064 3012 1131 3068 Cod.
1145 3014 1221 3080 lue,
1233 3014 1336 3077 autina·
1348 3014 1373 3068 in
1384 3012 1420 3069 al.
1435 3014 1542 3071 ouilibus
1554 3017 1641 3074 deest.

186 3093 198 3126 ⁸
223 3092 315 3156 ilartsi,
329 3089 481 3142 tticcannraa
491 3101 500 3150 ,·
511 3088 565 3153 al.,
588 3095 615 3139 ut
626 3095 649 3139 et
660 3084 776 3144 Cicrouee
797 3088 941 3145 corretion.
1030 3083 1053 3116 ⁸⁸
1071 3084 1137 3137 cru.
1151 3085 1229 3148 Luc„
1240 3100 1355 3138 cernent.

189 3163 278 3216 'drab
294 3162 370 3225 Luc,
385 3175 400 3210 a
415 3160 484 3224 repta
498 3159 557 3211 urbe
571 3158 648 3211 rernt.
1031 3152 1055 3186 ¹⁸
1072 3154 1139 3207 cna.
1157 3155 1218 3210 Luc.
1243 3157 1278 3208 ita
1295 3168 1374 3223 prore
1389 3153 1470 3226 legit:
1487 3173 1544 3227 xiv,
1559 3159 1614 3216 ind.
1631 3176 1689 3231 ιιιι,
1700 3179 1785 3223 monac

187 3233 276 3286 ’iloni
292 3232 368 3292 lane,
380 3231 413 3280 art
429 3243 523 3295 reperta.
995 3240 1016 3293 ι,
1031 3223 1085 3286 find,
1102 3240 1146 3278 t‘tt.

188 3302 280 3357 ⁸000.
292 3301 369 3364 Ludi„
383 3297 417 3349 (lid
431 3313 496 3349 (diiii.
1031 3306 1053 3336 tr
1073 3296 1127 3358 Al„
1139 3297 1285 3362 consa-em·

189 3376 200 3408 ⁰
215 3373 242 3429 Ιιι
253 3373 300 3437 al,
316 3369 491 3439 blaaplrcotttnt
502 3367 587 3423 duest.
1032 3365 1054 3397 ¹⁸
1071 3365 1132 3430 Ab,
1146 3367 1267 3435 defectus.

824 3482 1004 3540 leilORilll
1023 3480 1135 3538 NOTAE.

189 3578 313 3633 ΙιΙΙιίιιιι
322 3579 381 3647 jam
395 3577 442 3646 [ati
466 3577 564 3647 regico
588 3573 749 3628 Francorum
763 3575 865 3630 nomine
890 3574 981 3643 lio-G
998 3572 1107 3644 poribus
1127 3571 1278 3640 ponttuaata
1294 3572 1419 3629 lieterrcis
1432 3574 1548 3631 civitatis
1569 3576 1652 3633 decue
1675 3593 1783 3648 proma.

150 3650 281 3721 dipanpnr
296 3650 383 3701 abbas.
410 3645 581 3714 tiodigangus
601 3645 694 3711 abbas,
711 3660 790 3713 uueur
814 3645 941 3716 l‘ippinus
996 3644 1092 3699 ruisse.
1112 3641 1168 3701 lrnu
1185 3645 1287 3698 ironore
1302 3643 1378 3698 Pallii
1398 3643 1564 3713 aStepbanu
1585 3658 1695 3704 ornatus
1709 3666 1782 3707 assc-

152 3720 269 3777 Romarn
284 3719 316 3770 ad
344 3715 510 3783 Steplranum
539 3715 648 3778 legavit,
662 3723 691 3769 ut
716 3715 812 3771 litteris
831 3730 942 3784 respon·
995 3714 1063 3770 ritur
1085 3714 1111 3767 in
1125 3712 1257 3767 Anastasii
1278 3728 1343 3767 nass.
1364 3713 1474 3780 Codice,
1491 3726 1545 3770 ιιιιιι
1561 3717 1673 3775 ΤΙιιιιιιο
1687 3723 1782 3788 altaro,

153 3792 233 3845 deret
252 3801 317 3856 quas
346 3786 378 3840 ad
403 3800 464 3840 eum
492 3786 609 3855 pontilcx
640 3785 751 3840 dederat
778 3800 826 3855 per
855 3787 937 3839 bnmi-
999 3792 1055 3837 tum
1072 3780 1346 3848 nnrbrostano,bisce
1363 3786 1452 3838 verbis
1471 3786 1784 3860 intractmttcaparen-

153 3874 217 3916 uem
241 3856 420 3927 peregrinum,
448 3870 502 3924 auo
534 3857 615 3910 tanus
640 3857 767 3910 transiret
799 3871 845 3924 per
872 3855 942 3909 Lan·
997 3855 1067 3909 linesi
1083 3854 1182 3907 clausis
1195 3851 1230 3923 (ct
1250 3856 1310 3905 duan
1326 3855 1353 3907 in
1375 3852 1559 3909 i'ronciaearet
1580 3859 1686 3924 paritur,
1704 3862 1785 3916 lloatr'·

152 3929 334 4001 gobordururn
371 3927 499 3981 ditionem
539 3927 660 3980 linntnano
700 3926 818 3992 pontilici
856 3925 944 3981 inient·
995 3940 1079 3995 pango
1100 3924 1260 3977 saeratissimo
1283 3925 1400 3994 epiacmm
1417 3926 1636 3995 poliiunrtribrrit,
1653 3941 1677 3984 et
1699 3936 1783 3987 oratri-

153 4013 233 4063 eam;
263 3998 289 4052 in
321 3995 423 4051 duabus
450 3996 571 4062 epistolis
595 4009 653 4062 quar
677 4003 784 4050 exstant
804 3994 944 4051 incudiee
995 3996 1144 4064 epiecopum
1170 3994 1323 4063 ordinauit),
1354 4002 1383 4049 ut
1410 4005 1523 4052 testatur
1548 3997 1707 4056 bamberius
1742 4005 1784 4057 lti-

153 4068 282 4124 Carolino
297 4066 494 4135 liractegangus
518 4066 683 4120 nominatur.
701 4064 817 4134 Epistola
840 4066 943 4119 decima
996 4066 1137 4122 btiotbecar
1150 4062 1292 4126 casareae,
1308 4064 1355 4120 tib.
1368 4080 1398 4131 n,
1411 4081 1470 4134 cap.
1483 4068 1546 4122 8.·-
1555 4069 1633 4136 Quod
1644 4086 1708 4126 nem
1724 4075 1786 4128 arg.

155 4141 216 4195 bec
230 4137 362 4192 habentur
378 4154 383 4189 :
402 4135 520 4189 l’rnxerrr
545 4136 737 4204 bractcponpua
757 4134 837 4189 mbae
863 4136 946 4191 rocrir
999 4148 1046 4191 net
1073 4134 1107 4189 ad
1134 4133 1193 4202 ejus
1213 4134 1371 4202 legationem
1393 4137 1426 4190 ad
1450 4137 1618 4207 Stepbanum
1643 4141 1689 4207 ΙΙΙ,
1704 4158 1784 4211 quarn

153 4208 287 4266 liminibus
314 4208 461 4276 protectoria
484 4206 521 4258 tui
543 4205 610 4258 bruti
628 4205 801 4275 apostolorum
822 4206 946 4276 principia
999 4203 1250 4261 relcrtbnastesiua
1264 4204 1316 4258 boc
1340 4207 1414 4270 loen,
1429 4207 1506 4263 deca
1528 4211 1650 4266 laudatus
1671 4213 1785 4268 Warne-

154 4278 239 4343 Petri,
253 4281 377 4332 etnartria
389 4276 514 4331 obtutibus
530 4284 708 4345 praesentatus.
724 4275 757 4330 lit
768 4275 881 4343 epistola
896 4291 945 4331 un·
997 4274 1083 4331 irrdus
1110 4274 1190 4328 babet
1215 4276 1353 4339 serpucutia
1366 4293 1374 4330 a
1388 4274 1502 4347 Cumque
1527 4288 1593 4333 earet
1615 4283 1643 4335 in
1668 4284 1786 4340 orrrnr‘lur

154 4351 259 4405 decima
278 4366 283 4400 :
300 4345 373 4402 Sicut
389 4363 432 4413 per
456 4357 591 4416 preacrncr
616 4344 823 4416 Droctrponpuur
841 4347 946 4416 religio·
997 4344 1120 4415 locuples,
1136 4360 1153 4397 o
1172 4343 1285 4412 Pippr'no
1308 4362 1367 4418 repe
1392 4351 1511 4419 oneratque
1534 4349 1695 4407 Francorum
1722 4368 1787 4411 coetn

154 4434 212 4474 earm
225 4419 339 4472 ablatem
352 4418 455 4489 ejusque
469 4417 572 4471 corrritct
585 4414 736 4470 direcirnna.
752 4418 832 4484 buius
855 4428 946 4471 autem
997 4413 1161 4484 singulariter
1182 4419 1277 4470 electus
1291 4414 1401 4470 Ranxrm
1414 4421 1524 4475 director
1544 4431 1590 4487 eat,
1606 4422 1784 4491 Scenitarum-

155 4489 311 4543 utonasterii
327 4488 525 4558 liructegangus
539 4489 622 4540 abbas
638 4484 729 4552 luerit,
755 4487 820 4541 mibi
838 4490 945 4556 penitus
997 4502 1046 4553 auc
1060 4484 1226 4540 umerubilern
1237 4502 1342 4554 papam,
1354 4499 1538 4546 utcunatornm
1549 4504 1607 4546 nora
1620 4496 1787 4559 ablactabant,

154 4560 287 4614 incertum
298 4568 348 4613 est.
362 4558 389 4612 ln
403 4559 462 4612 l'ita
478 4557 563 4612 sancti
574 4554 685 4611 loannis
699 4557 852 4612 Goraicusis
864 4558 946 4612 abba·
997 4557 1033 4610 ud
1056 4554 1155 4610 Galliae
1177 4559 1297 4610 euocauit.
1320 4557 1350 4612 Ιιι
1365 4558 1498 4616 Claronico
1521 4573 1611 4619 autem
1638 4563 1788 4618 Lauresba·

156 4629 282 4698 tir,apud
297 4628 465 4693 bullandum,
481 4628 514 4681 ad
526 4627 596 4682 diem
612 4624 646 4678 bt
663 4625 813 4690 Februarii,
829 4625 947 4682 introitur
998 4627 1084 4682 mensi
1100 4641 1153 4680 ιιοιι
1168 4631 1253 4682 solum
1278 4630 1417 4696 legationis
1441 4631 1591 4703 ltudigangi
1616 4631 1646 4685 m
1670 4636 1782 4698 mentio,

156 4698 369 4769 droctegangum
385 4701 488 4753 rexisse
514 4696 689 4752 cannensem
712 4697 845 4751 abbatiam
868 4696 948 4753 sitam
1000 4695 1049 4753 sed
1060 4697 1171 4765 iusuper
1184 4698 1243 4766 ejus
1257 4701 1375 4754 strrdium
1387 4702 1520 4765 laudator,
1532 4716 1587 4768 arro
1601 4702 1753 4768 impetrarit
1768 4720 1783 4757 a

156 4769 186 4823 in
200 4768 539 4838 episcopatuiietensim
561 4768 595 4820 tit
619 4767 702 4822 multo
725 4766 864 4822 clariorem
886 4769 948 4823 red·
998 4766 1112 4836 Ptppino
1131 4777 1161 4822 ut
1187 4770 1348 4823 exarchatus
1367 4768 1511 4834 itarennae,
1535 4772 1641 4839 aliaque
1656 4774 1786 4840 patrimo-

155 4837 285 4894 diderunt
305 4837 417 4893 illustria
433 4838 522 4900 laeta.
550 4846 579 4890 et
608 4838 668 4890 nitar
690 4839 839 4892 sarretitatis
861 4836 964 4906 naut-¹,
1000 4838 1130 4908 niaque
1154 4853 1201 4906 per
1223 4840 1276 4892 nitu
1300 4839 1687 4908 baragobarutoaruuaaemnt;
1704 4843 1786 4898 licata

153 4922 284 4981 gangum,
309 4923 356 4964 sea
371 4909 574 4977 Crurlegoagnrn
601 4905 755 4977 episcopum
784 4907 945 4973 lietenrem,
1000 4907 1080 4964 l‘etro
1093 4909 1307 4963 restituerentur.
1322 4907 1396 4961 later
1410 4917 1501 4962 catera
1518 4911 1594 4964 ratae
1611 4913 1787 4969 menrarabilla

154 4973 323 5049 qttemidem
340 4978 467 5049 Prppinus
484 4985 576 5046 pastea
603 4976 638 5031 ad
667 4977 832 5043 Stepltanum
861 4977 945 5046 naluit,
999 4981 1047 5050 (ita
1058 4980 1085 5033 iu
1096 4977 1243 5046 caranico)
1256 4978 1414 5047 sannanim
1428 4994 1522 5050 papum
1537 4983 1571 5034 ad
1592 4979 1705 5038 Galliam
1723 5001 1787 5040 eco-

156 5055 189 5105 ttt
209 5051 304 5121 legitur
324 5048 352 5103 iu
376 5048 520 5103 transnato
543 5048 663 5117 sequenti
687 5048 817 5103 sectione.
842 5049 879 5103 [le
896 5048 948 5104 ltoe
999 5065 1071 5109 conr.
1087 5046 1269 5116 etPippinum
1283 5064 1342 5102 curn
1354 5050 1413 5102 tatia
1429 5047 1590 5104 Francorum
1608 5054 1703 5109 uiribus
1728 5072 1789 5112 ron·

155 5120 352 5190 Cirroucgango
375 5120 502 5187 episcopo
527 5127 620 5172 narrat
640 5120 736 5173 Paulus
762 5119 893 5173 diaconus
919 5120 947 5173 iu
1000 5127 1040 5174 tra
1055 5117 1283 5188 Langobardorum
1302 5119 1467 5187 tyrannidem
1489 5122 1641 5195 accingent,
1663 5128 1789 5182 exarcitu-

156 5188 229 5245 libro
239 5187 273 5246 de
288 5189 422 5258 episcopis
446 5187 574 5244 tielensis
588 5187 703 5243 ciuitatis
730 5188 803 5245 illum
828 5188 855 5244 in
880 5204 948 5258 pragu
999 5200 1054 5245 tunt
1080 5190 1264 5250 Rauerrnatcnr,
1278 5190 1399 5259 pleraque
1422 5190 1488 5247 beati
1515 5194 1588 5249 Patri
1611 5198 1788 5268 patrimonio,

157 5258 336 5315 llaubeuieusi
360 5271 452 5313 natum
469 5258 569 5324 luisse,
585 5270 661 5327 patre
685 5259 847 5328 sigrammo,
863 5270 949 5315 urrutre
1000 5260 1124 5315 llomance
1143 5261 1196 5311 arai
1209 5260 1320 5324 restitui,
1336 5261 1401 5333 jope
1424 5265 1539 5318 studium
1561 5274 1585 5320 et
1610 5282 1714 5339 operum
1738 5270 1790 5321 bn·

154 5329 319 5396 Laudrada,
342 5345 375 5384 ex
398 5329 483 5399 prima
506 5328 645 5384 nobilitate
658 5327 823 5385 Francorum
844 5331 949 5402 (liodi-
1000 5331 1099 5402 pendit.
1119 5329 1240 5384 Marcus.

154 5416 246 5490 gango
261 5402 335 5456 enim
346 5400 476 5469 Pippnms
492 5413 541 5454 rex
558 5408 616 5453 erat
627 5402 786 5468 aturrculus,
803 5411 832 5456 ut
852 5404 948 5472 imitur
1037 5401 1052 5440 Ι
1066 5399 1143 5455 illico
1157 5400 1256 5470 orepio
1267 5402 1329 5457 urbe
1342 5404 1409 5458 uenit
1417 5402 1535 5461 «loannes
1556 5407 1697 5477 imperialia
1713 5408 1792 5464 ailen-

156 5476 186 5531 itt
197 5474 295 5529 (aborta
310 5471 465 5526 donationis
476 5484 556 5540 quam
572 5470 673 5538 prulert
689 5471 725 5527 cl.
741 5472 821 5527 i’atar
833 5471 948 5539 Catanen
1002 5472 1105 5527 tiariar.
1120 5470 1149 5525 ln
1165 5473 1263 5540 palatio
1275 5474 1324 5528 tuit
1347 5477 1439 5530 scitota
1453 5478 1673 5545 silentiariorum,
1693 5480 1738 5548 qni
1762 5479 1790 5535 itt

156 5554 233 5598 torno
247 5543 333 5611 primo
353 5539 423 5597 llist.
446 5542 601 5610 Lemniug.
618 5540 719 5597 Gallice
746 5543 865 5611 scripte,
888 5558 948 5612 pag.
1002 5543 1634 5602 aulaexcubarent.Ereboiasilentiariurumai
1648 5549 1791 5614 irnperiuru

155 5612 225 5682 ast,
242 5613 413 5682 inprobat),
443 5621 524 5682 atoue
551 5612 579 5667 in
602 5612 700 5680 palatio
727 5612 836 5682 trajana
860 5613 951 5670 Garuli
1001 5622 1112 5668 erectus
1140 5624 1304 5669 rnemuratur
1332 5619 1498 5671 litiastasiua.
1526 5617 1643 5691 Eraga,
1670 5620 1790 5686 librant,

157 5685 320 5750 enutritum,
336 5683 459 5752 ejusdem
485 5680 701 5738 referendarium
725 5685 870 5746 exstitisse.
900 5687 951 5740 buc
1002 5698 1062 5751 cap.
1089 5681 1134 5738 5¹.
1163 5684 1311 5752 Artabron,
1333 5690 1445 5740 inor-at.
1467 5687 1571 5742 iuirebr.
1593 5689 1787 5757 valentiniani:

158 5764 204 5813 oet
220 5754 314 5811 annuli
329 5755 396 5825 regii
409 5754 565 5816 custodem
591 5767 622 5807 ae
635 5753 742 5810 demum
766 5754 869 5825 Pippini
884 5765 951 5812 teru-
1008 5754 1119 5826 i'crpere
1132 5755 1261 5827 prosector
1276 5767 1312 5812 cat
1331 5756 1496 5816 silentiarius.
1512 5763 1683 5822 beatarum.

313 5847 450 5913 Parnon.
472 5848 656 5913 LXXXIX.
1532 5853 1574 5917 dl
