3832 6114
165 387 212 444 ltl
427 361 435 371 ⁰
555 383 584 441 S.
606 379 780 440 subriserit
800 378 941 438 oratori
962 376 1057 437 PARS,
1073 376 1105 434 ΙΙ.
1125 406 1161 419 -
1179 374 1398 432 runcandus.
1743 380 1795 437 lits

162 503 275 561 clarior
287 511 314 559 et
327 501 411 559 multo
425 516 504 573 quam
519 508 616 558 caetera
628 511 702 558 scuta
717 501 809 566 duelli,
966 495 1059 559 AScd
1078 512 1149 553 nnnc
1163 498 1282 554 exterius
1295 498 1444 555 durescunt
1459 512 1572 571 corpora
1584 500 1651 556 llore

162 596 217 651 lice
232 603 320 649 tamen
336 594 361 648 in
377 593 465 650 medio
480 593 568 666 clypei
581 602 634 649 stat
648 592 753 650 ierreus
768 593 858 648 umbo.
1004 587 1069 655 Qua
1089 587 1266 659 dammasque
1281 589 1408 660 locosque
1423 590 1505 647 larem
1520 591 1649 647 lumantia
1664 590 1793 650 lundunt.
1888 580 1894 589 ⁴

162 686 204 742 lle
217 685 276 740 sine
290 685 352 755 quid
367 683 476 755 prodest
488 686 607 742 dirorum
622 699 713 755 parma
727 681 864 739 viroruml
1004 679 1038 734 Et
1051 680 1148 736 crebro
1161 681 1286 752 lacrymae
1300 680 1405 736 stillant
1418 680 1453 738 de
1468 680 1599 738 frontibus
1613 681 1685 750 udae,

162 774 212 830 iia
227 785 301 830 artvrs
313 774 469 846 animaeque¹
479 785 605 832 carerent
621 777 729 830 tramite
743 775 847 841 mortis,
1003 768 1049 824 Sic
1061 778 1150 824 tamm
1162 768 1312 825 lrcrrcndas
1326 769 1413 825 noetis
1425 771 1567 841 exstinguo
1580 771 1711 834 latebras.

161 868 192 925 lli
208 868 296 924 lorsan
306 867 402 924 ralidis
416 869 566 938 reiraqarer
581 867 680 923 viribus
692 867 772 922 Orco.
1003 859 1150 934 lielliquias
1164 861 1285 919 cinerum
1300 876 1363 918 moa
1377 863 1481 919 viscera
1497 871 1567 919 torta
1580 864 1743 935 relinquunt.

448 962 490 1017 ll.
507 959 545 1015 De
558 961 637 1031 [onte.
1289 955 1319 1010 2.
1337 954 1377 1009 ua
1389 955 1492 1025 Aquila.

161 1049 213 1104 Per
228 1065 293 1106 cava
308 1051 412 1107 telluris
425 1052 494 1107 clam
508 1067 591 1122 serpo
604 1052 765 1122 celerrimus
779 1057 857 1105 antra
1006 1046 1129 1118 Armiger
1140 1046 1248 1103 infausti
1259 1046 1333 1103 lovis
1346 1056 1374 1104 ot
1388 1056 1480 1116 raptor
1493 1045 1670 1119 Ganymedis,

163 1142 261 1198 Flexos
274 1159 403 1199 venarum
418 1158 516 1215 gyrans
529 1142 694 1199 anfractibus
708 1143 808 1198 orbes:
1004 1140 1163 1212 Quanquam
1174 1141 1294 1212 pellaces
1308 1140 1444 1197 cantarint
1457 1140 1577 1197 carmine
1592 1150 1680 1210 vates,

161 1233 228 1289 Cum
242 1250 347 1290 caream
362 1235 428 1298 vita,
441 1249 523 1290 sensu
534 1248 641 1305 quoque
657 1233 776 1288 ivrrvditos
793 1245 903 1299 expers,
1005 1230 1063 1287 Non
1075 1232 1177 1288 lueram
1191 1247 1297 1304 praepes
1311 1246 1365 1303 quo
1380 1231 1464 1288 lentur
1479 1230 1604 1288 Dardana
1619 1232 1722 1302 proles,

162 1325 228 1392 Quis
244 1340 372 1381 nunverus
386 1326 486 1395 capiat,
501 1324 544 1381 rel
558 1325 618 1395 quis
636 1324 782 1380 laterculus
794 1331 883 1395 mquet
1004 1321 1058 1379 Sed
1070 1323 1155 1394 maqis
1168 1324 1195 1380 iu
1211 1324 1324 1380 summis
1337 1337 1437 1396 cycnos
1450 1323 1559 1394 agitabo
1571 1322 1688 1394 lupaces.

164 1417 223 1474 ilisa
238 1419 372 1474 viventum
388 1433 515 1489 generem
527 1428 593 1488 quot
607 1419 690 1474 millia
707 1417 807 1487 partui
1005 1415 1190 1485 arsantesque
1202 1427 1282 1486 grues
1295 1412 1422 1484 proturbo
1436 1413 1486 1470 sub
1500 1413 1610 1470 etheris
1623 1428 1684 1470 axe.

163 1507 211 1564 llis
226 1524 311 1581 neque
326 1524 373 1579 per
388 1501 485 1564 circium
499 1509 633 1565 rutilantis
646 1510 734 1565 sidera
749 1509 879 1587 sphaera,
1005 1502 1122 1572 Corpora
1136 1503 1200 1560 dum
1214 1504 1291 1560 senio
1305 1504 1452 1572 corrumpit
1467 1502 1536 1592 iessa
1550 1512 1681 1573 veturstas¹

163 1600 327 1672 Fluctivaqm
340 1601 416 1671 ponti
431 1615 481 1658 nec
495 1609 703 1670 compensantur
715 1614 815 1658 arena.
1005 1594 1136 1650 Fontibus
1150 1594 1177 1651 in
1191 1594 1300 1666 liquidis
1312 1594 1457 1666 mergentis
1469 1594 1590 1650 membra
1603 1593 1776 1662 madescunt,

306 1697 349 1752 l5.
366 1695 403 1750 De
418 1694 600 1762 prolambere,
616 1693 656 1749 uel
666 1693 788 1749 licionio.
1005 1683 1069 1742 Posi
1084 1683 1141 1742 barac
1153 1692 1290 1742 restauror
1304 1685 1434 1757 preclaro
1448 1683 1551 1741 lumine
1566 1685 1670 1742 Phoeoi.

163 1785 262 1842 Fausta
275 1786 310 1841 lui
323 1787 409 1857 primo
420 1784 513 1841 mundi
527 1783 661 1839 nascentis
674 1785 749 1854 origo
1217 1777 1245 1833 5.
1256 1777 1296 1834 De
1307 1794 1392 1850 penno
1405 1777 1563 1848 Seriptcria.
1614 1801 1618 1813 ·

163 1876 256 1934 Donec
269 1884 419 1948 prostratus
434 1876 623 1932 succumberet
637 1884 694 1930 artc
709 1873 837 1942 maligni:
968 1854 993 1915 Β
1007 1867 1049 1923 lle
1060 1868 1163 1940 pridem
1176 1869 1270 1941 qcouit
1283 1869 1402 1926 candens
1415 1868 1586 1925 onocratalus
1601 1869 1689 1924 albam

163 1969 206 2025 ila
220 1978 339 2025 metune
353 1968 448 2037 priscae
463 1967 594 2038 processit
609 1981 689 2022 causa
703 1967 799 2037 ruinae,
1006 1961 1121 2018 Gutture
1133 1961 1177 2033 qui
1191 1961 1282 2032 patulo
1296 1962 1387 2019 sorbet
1398 1962 1433 2017 de
1444 1962 1550 2032 qurqite
1564 1961 1697 2034 lymphas.

165 2060 258 2115 Dulcia
273 2074 333 2129 qua
348 2058 459 2115 rudibus
475 2057 612 2113 tradebam
629 2058 697 2113 mala
713 2058 827 2114 colonis.
1003 2053 1089 2126 Pergo
1100 2070 1149 2126 per
1163 2055 1285 2112 albentes
1300 2057 1404 2113 directo
1419 2057 1527 2113 tramite
1542 2071 1664 2126 campos,

164 2149 204 2205 liu
220 2149 316 2205 irerurn
331 2148 430 2204 mundo
446 2156 529 2204 testor
542 2161 680 2203 remeasse
692 2148 820 2216 salutern,
1003 2147 1186 2221 Candentiquc
1199 2152 1249 2207 ria
1265 2151 1376 2222 sesopia
1400 2152 1500 2208 caerula
1517 2151 1619 2221 linquo,

163 2238 259 2311 Stipite
271 2240 305 2297 de
319 2239 411 2309 patulo
424 2239 486 2294 drvrn
503 2238 632 2308 penderet
648 2239 847 2306 amiterninis,
1004 2241 1105 2299 Lucida
1121 2244 1234 2314 nigratis
1249 2242 1359 2299 luscans
1373 2242 1537 2300 aniractibus
1552 2256 1627 2298 arva.

164 2331 199 2388 Et
212 2345 305 2402 poenos
317 2329 404 2388 lueret
416 2328 525 2385 soboles
538 2328 691 2385 veneranda
702 2328 842 2384 Tonantis.
1004 2335 1059 2392 Nec
1073 2335 1139 2392 savis
1153 2343 1195 2392 aaa
1208 2349 1290 2390 unum
1305 2349 1354 2406 pen
1368 2348 1478 2405 campos
1491 2334 1613 2406 pandere
1626 2334 1721 2393 callem

430 2424 474 2480 lo.
496 2422 533 2477 lle
546 2422 668 2493 ficulneo.
1009 2425 1112 2482 Scmlta
1129 2424 1193 2496 quin
1207 2425 1295 2496 potius
1309 2423 1418 2481 milleno
1433 2425 1542 2480 tramite
1559 2423 1655 2492 tendit,

163 2515 230 2584 Quis
241 2514 315 2584 prior
329 2515 356 2571 in
367 2513 467 2570 mundo
479 2513 646 2585 deprompsit
661 2513 777 2583 tegmina
789 2509 891 2568 vestisl
1005 2517 1072 2586 Qnae
1085 2529 1139 2572 non
1151 2524 1273 2574 amnica
1284 2515 1318 2572 ad
1332 2514 1396 2573 aoeli
1408 2515 1525 2572 eulmina
1535 2514 1619 2571 nexit.

166 2612 220 2663 dut
230 2607 289 2678 quis
304 2606 451 2662 clementer
463 2606 590 2662 miserum
606 2605 723 2675 proterit
736 2604 874 2674 egenum?
1272 2608 1303 2665 l.
1315 2605 1355 2662 lla
1369 2605 1504 2679 Salpinqe.

166 2695 244 2753 irrita
258 2709 312 2751 non
326 2693 441 2751 reseram
457 2694 548 2752 verbis
562 2707 612 2751 nco
623 2693 717 2750 irivcla
729 2693 847 2765 livvqam:
1010 2699 1076 2759 Sum
1092 2713 1170 2770 aava,
1184 2699 1332 2756 bellantum
1346 2695 1451 2767 crepitu
1464 2695 1528 2767 quia
1541 2696 1623 2752 corda
1637 2695 1717 2754 ciebo.

166 2786 295 2845 Primitoo
305 2786 332 2842 io
345 2795 417 2844 um
432 2787 541 2858 proprio
554 2786 588 2844 do
600 2799 713 2857 corpore
725 2784 846 2857 bellom,
1006 2793 1125 2850 Vocibus
1140 2791 1282 2850 horrendis
1296 2790 1438 2849 stimulans
1452 2789 1479 2846 in
1492 2789 1565 2848 bella
1578 2789 1716 2847 cobortes.

167 2881 206 2939 tlt
218 2881 288 2938 lama
303 2880 397 2948 fertur,
409 2879 534 2952 produxi.
550 2879 687 2936 irondilncs
701 2878 776 2935 alvis:
1007 2883 1110 2941 idcirco
1124 2883 1239 2940 reboans
1254 2890 1330 2938 tanto
1344 2881 1463 2938 clamore
1478 2880 1590 2950 resulto,

164 2972 258 3029 0²¹¹&
273 2987 317 3030 ¹¹¹⁰
331 2979 425 3029 ⁰⁰W²²
436 2971 499 3028 Μ
514 2972 611 3029 “iiiiii
621 2971 718 3044 ll²b⁰¹²
729 2969 848 3040 iiaelltl'
1007 2977 1085 3047 Quod
1105 2977 1178 3033 nulla
1199 2975 1313 3035 interius
1330 2973 1471 3032 retrudant
1483 2971 1573 3046 [Pan.
1585 2969 1741 3043 retundant]
1758 2972 1796 3023 vi·

165 3061 279 3119 Sedulus
293 3063 420 3132 agricola.
435 3061 538 3118 bruma
551 3075 618 3133 quas
632 3070 753 3133 tempore
766 3058 880 3117 mandit.
1319 3078 1322 3085 ·
1548 3062 1635 3137 [scara
1648 3077 1760 3122 rocem:

430 3152 475 3207 li.
489 3151 528 3207 lle
541 3152 689 3208 llettelcro.
1009 3156 1125 3229 Spiritus
1137 3157 1164 3212 in
1180 3163 1237 3214 toto
1249 3155 1299 3213 sed
1309 3161 1423 3226 reqnant
1432 3167 1548 3226 corpore
1559 3154 1653 3211 dabra.

164 3241 286 3314 (latriqcr
300 3242 328 3298 in
342 3257 408 3300 arvo
418 3243 560 3300 vernabam
577 3242 717 3301 irondibus
729 3242 807 3300 birris
968 3231 993 3300 C
1008 3248 1118 3306 Garrula
1131 3262 1176 3307 me
1192 3248 1290 3319 poterit
1302 3261 1438 3318 nunquam
1452 3260 1580 3318 superare
1591 3245 1693 3311 cicada,

166 3333 288 3393 Concilio
302 3334 398 3393 similis
411 3335 452 3393 sic
464 3335 534 3392 cocti
548 3337 651 3394 murice
663 3335 757 3403 rubro.
1006 3342 1062 3401 dut
1074 3351 1167 3415 arguta
1182 3341 1263 3399 dmul
1278 3347 1391 3398 cantans
1405 3339 1516 3408 luscinia
1529 3337 1637 3403 ruscis;

168 3423 322 3494 Purpureus
334 3425 418 3482 stillat
430 3425 538 3498 sanquis
551 3426 585 3484 de
599 3428 699 3485 vertice
713 3428 796 3500 quttls
1006 3435 1091 3506 Quam
1106 3436 1196 3508 lingna
1206 3435 1314 3508 propria
1327 3434 1421 3492 (lienus
1431 3431 1606 3490 acalanthida
1621 3430 1696 3490 Graii

170 3512 288 3570 Exuvias
300 3516 362 3572 vitre
376 3515 511 3573 mandenti
526 3517 622 3577 tollere
634 3519 709 3589 nolo,
1308 3527 1336 3583 5.
1351 3525 1389 3583 De
1406 3535 1477 3582 taso.

168 3607 239 3666 '5¹³²
253 3626 303 3668 ¹¹0⁰
317 3613 424 3684 lefllllss
438 3613 591 3685 imbibunt
605 3623 694 3672 mente
707 3629 829 3671 nenena:
1007 3618 1121 3689 Semper
1139 3616 1242 3675 liabens
1255 3614 1353 3672 virides
1368 3612 1501 3670 frondenti
1518 3612 1546 3669 in
1565 3627 1678 3684 corpore
1692 3613 1795 3679 crines,

167 3700 221 3759 Sed
232 3711 321 3760 tamen
332 3703 456 3763 insanum
471 3715 551 3765 verat
564 3707 699 3765 dementia
712 3706 813 3776 cordis,
1007 3709 1205 3781 ‘lamporenon
1220 3708 1274 3765 ullo
1287 3704 1417 3762 viduabor
1430 3704 1549 3776 tegmine
1561 3705 1660 3775 spisso.

170 3793 241 3852 oum
256 3807 326 3853 rotat
337 3797 364 3854 in
379 3813 446 3870 pyro
459 3813 553 3855 vecors
562 3792 697 3870 'vertigiue
711 3799 844 3856 membra.
1008 3801 1110 3857 Circius
1123 3809 1151 3857 et
1162 3800 1263 3856 boreas
1277 3797 1399 3869 quamvis
1414 3796 1564 3853 conamina
1579 3795 1660 3853 Cauri

432 3887 476 3942 ¹8·
492 3885 532 3940 De
544 3885 657 3942 Gamala.
1009 3895 1117 3952 ilicibus
1131 3895 1277 3952 lvorreudis
1292 3894 1418 3951 studeant
1430 3902 1553 3950 evertere
1566 3893 1691 3950 irondes:

169 3971 267 4028 vansnl
282 3986 356 4029 eram
370 3972 505 4042 quondam
519 3974 666 4041 Romanus,
682 3972 770 4040 miles,
784 3985 918 4046 equester,
1008 3983 1063 4040 Seu
1078 3998 1122 4040 me
1134 3982 1288 4054 pasvttaiann
1303 3981 1426 4039 iecerunt
1438 3983 1492 4036 iata
1508 3997 1628 4049 reorum,

158 4061 279 4120 'Arbiter
294 4063 407 4135 imperio
418 4062 481 4118 dum
496 4063 572 4133 rcqni
585 4071 691 4133 sceptra
704 4065 830 4135 repebatt
1009 4075 1130 4144 eumque
1142 4082 1291 4127 venenatus
1302 4070 1391 4140 gliscit
1403 4070 1437 4125 de
1450 4085 1565 4136 corpore
1578 4073 1674 4143 stipes.

170 4155 247 4212 Nunc
260 4171 330 4213 onus
341 4155 502 4210 borrsudum
517 4163 676 4212 convectant
689 4169 802 4227 corpora
818 4159 900 4230 gibbi,
1009 4166 1145 4223 Lus-eones
1159 4162 1246 4218 rabidi
1262 4175 1341 4232 quem
1350 4170 1474 4230 tcarpunt
1489 4160 1601 4216 rictibus
1615 4163 1671 4217 oris

171 4241 206 4300 Et
221 4246 318 4314 premit
332 4248 493 4301 immensum
505 4246 663 4304 truculentae
676 4250 781 4305 sarcina
795 4252 885 4309 molis.
1010 4257 1110 4315 occido
1124 4254 1299 4310 mandentum
1313 4265 1375 4308 moa
1391 4251 1466 4321 plura
1480 4252 1612 4309 cadavera
1627 4251 1712 4309 letbo.

171 4335 272 4391 Terreo
286 4335 459 4406 cornipedum
475 4353 546 4395 nunc
557 4338 634 4394 velox
649 4354 746 4412 aqmen
761 4358 902 4413 equorum,
1294 4334 1373 4399 8ch
1383 4341 1497 4397 Colosso

171 4424 221 4493 Qui
239 4426 335 4497 trepidi
350 4426 454 4498 luqiunt
467 4444 531 4485 moa
545 4430 765 4503 quadrupedante
780 4445 868 4490 meatu
1010 4435 1104 4493 Omnia
1119 4433 1238 4489 membra
1253 4429 1319 4486 mibi
1335 4430 1477 4501 plasmavit
1491 4431 1611 4500 corporis
1625 4441 1730 4496 auctor,

173 4515 239 4572 bum
251 4519 332 4578 trucis
345 4518 500 4589 adspectant
515 4522 660 4581 immensos
673 4525 793 4596 corporis
806 4536 892 4583 artus.
1011 4526 1065 4582 ttec
1080 4536 1166 4579 tamen
1182 4538 1214 4578 ea
1234 4520 1328 4578 ecdem
1343 4521 1524 4576 membrorum
1543 4522 1632 4575 munia
1647 4521 1761 4590 sumpsi,

348 4612 393 4669 it.
403 4611 449 4667 'ue
462 4613 550 4684 capide
562 4604 604 4671 'vel
615 4613 750 4670 Basilisco.
972 4603 999 4664 D
1013 4619 1126 4689 l‘erqere
1144 4629 1193 4672 nec
1207 4613 1315 4684 plantis.
1332 4611 1419 4668 oculis
1433 4625 1483 4668 nec
1497 4625 1610 4668 cernere
1624 4627 1744 4682 possum.

294 4701 392 4764 [lotum
403 4704 506 4767 aniana
516 4705 589 4755 deest
600 4706 624 4754 in
635 4705 715 4754 editis.
728 4703 819 4766 tivum]
1010 4707 1167 4777 Quanquam
1179 4719 1249 4761 nunc
1261 4703 1357 4774 patula
1369 4712 1491 4760 constent
1501 4704 1552 4760 sub
1564 4704 1651 4760 irorvts
1663 4705 1799 4772 fenestre,

169 4780 296 4840 &indidi
308 4787 412 4842 cunctis
423 4801 488 4842 {illd
500 4786 670 4843 vescentibus
682 4787 784 4851 milite,
1011 4796 1105 4854 Nullus
1118 4796 1255 4852 anhelanti
1269 4794 1390 4866 procedit
1403 4793 1507 4850 viscere
1520 4793 1609 4850 ssatus,

172 4874 239 4931 lare
250 4892 298 4943 liei
311 4878 439 4936 mundum
452 4878 565 4950 didimi
578 4877 680 4935 semina
696 4879 800 4943 ¹¹¹0ill⁵s
1010 4890 1118 4964 Spicula
1134 4905 1183 4946 uec
1197 4887 1311 4959 geminis
1325 4888 1398 4942 nitor
1415 4895 1540 4957 torquere
1554 4886 1671 4943 lacertis.

171 4961 247 5018 Unde
260 4968 390 5023 lvcrreuda
405 4983 481 5040 sepes
493 4969 559 5026 diris
571 4968 705 5026 succrevit
718 4968 820 5025 aristis.
1013 4982 1069 5038 neu
1083 4980 1182 5037 [susara
1197 4979 1281 5035 taeter
1294 4977 1423 5033 continuit
1437 4992 1535 5047 corpus
1548 4992 1671 5046 cnovrne,

169 5053 257 5119 Outioi
273 5059 349 5110 metit
361 5060 394 5110 ad
410 5061 513 5116 scelera
527 5071 661 5121 scortator
675 5062 745 5119 laice
758 5062 882 5135 maligna.
1010 5069 1084 5128 'lctis
1098 5070 1278 5126 membrorum
1291 5068 1354 5122 dum
1369 5066 1478 5122 iraudor
1489 5069 1615 5126 sensibus
1630 5071 1711 5128 intus.

169 5143 309 5214 cornigeri
324 5145 436 5202 multum
453 5165 546 5206 vereor
558 5157 704 5214 certamina
719 5156 795 5213 eervi
1296 5161 1323 5215 7.
1340 5158 1379 5214 lle
1394 5159 1516 5218 llurtelu.

169 5235 291 5306 liaurque
301 5236 453 5293 senescenti
465 5241 598 5309 spoliabor
611 5248 680 5314 pelle
694 5260 815 5307 vetustus
1012 5252 1133 5310 Discolor
1150 5252 1177 5309 iu
1191 5266 1285 5307 curvas
1300 5249 1415 5306 deflecto
1431 5251 1550 5306 membra
1567 5266 1695 5309 catenias

170 5324 260 5398 Atque
273 5341 344 5383 nora
360 5341 453 5384 rursus
467 5328 551 5385 iretus
565 5337 709 5392 remanebo
720 5338 839 5409 iuventa.
1010 5344 1115 5416 Pugnas
1130 5357 1260 5401 exercens
1273 5343 1329 5397 dira
1343 5357 1404 5398 cum
1421 5353 1502 5412 pente
1518 5343 1675 5413 draconum,

312 5419 345 5477 V·
365 5418 557 5479 AEMGMTA
575 5424 797 5486 ⁰⁰T03Tlfflld·
1011 5439 1068 5496 lion
1085 5453 1134 5504 eqo
1146 5437 1242 5492 dilecta
1256 5442 1379 5504 turgesco
1394 5435 1469 5504 prole
1480 5435 1587 5502 mariti;

348 5513 374 5570 ¹·
394 5511 433 5570 ⁰⁶
442 5513 556 5571 essim
570 5517 609 5571 Μ
623 5516 772 5575 linamento.
1011 5531 1066 5588 ileo
1080 5529 1193 5586 iecuuda
1205 5529 1262 5583 viro
1276 5527 1395 5583 sobolom
1411 5527 1449 5582 sic
1463 5526 1547 5583 edidit
1561 5528 1647 5594 alvus.

172 5599 281 5659 Materia
292 5605 390 5675 duplici
405 5610 499 5679 palmis
509 5611 663 5682 plasmabar
674 5614 784 5683 apertis,
1011 5622 1133 5677 liesiduce
1148 5629 1248 5675 matres
1263 5630 1292 5674 ut
1312 5629 1422 5675 sumunt
1437 5618 1539 5675 semina
1555 5628 1657 5689 partus,

172 5691 302 5750 interiora
316 5697 380 5751 milri
392 5699 556 5759 candescunt
566 5702 667 5758 viscera
683 5702 748 5771 lino,
1010 5714 1075 5773 eum
1086 5710 1176 5786 liure,
1189 5710 1269 5784 Quin]
1280 5711 1364 5783 magis
1379 5726 1413 5768 cv
1430 5724 1502 5766 aure
1516 5719 1688 5784 praegnentur
1697 5724 1796 5767 ruscea

171 5785 804 5870 deucertsqracilijnucospoliataoiteseunr:
1675 5799 1764 5876 [datu.
