3832 6114
158 324 209 394 dli
620 330 723 393 leEll
741 330 786 393 nti
805 329 1022 392 sustentato
1041 333 1086 392 ΕΤ
1107 334 1153 394 DE
1171 335 1315 396 usrnts.

155 449 309 524 iniqnitas,
332 447 472 519 cupiditas,
493 448 616 505 inanitas.
637 449 736 507 Verum
760 449 817 505 bssc
840 449 986 507 nominat
1290 454 1329 510 Dc
1339 464 1496 527 antespasto.

155 546 226 603 tertii
239 542 344 600 ordinis
354 542 383 598 in
395 541 523 613 singulari
538 557 650 598 numero
664 541 810 599 meandum
828 541 948 610 opulans
1037 542 1240 618 lt.hntespasti
1255 560 1349 615 queso
1371 547 1541 615 proterantur
1560 550 1694 619 exempta.
1706 579 1741 591 -
1754 551 1792 608 hl.

155 635 275 694 casualis
296 633 390 688 lormas
413 640 568 703 pentaptota
588 648 650 690 esse
669 642 827 700 noscuntur,
852 633 948 703 plurali
999 636 1141 704 Arenasus,
1165 638 1315 705 lacertosus,
1335 640 1493 709 pumclosus,
1513 641 1660 711 lapillssus,
1681 642 1791 698 tueha·

156 727 277 798 triptota.
293 725 359 783 item
375 725 511 797 imapines,
534 725 657 795 oripines,
673 725 833 789 hirundines,
849 725 948 780 harun-
998 741 1052 791 sus,
1070 742 1234 797 macmosus,
1256 729 1414 796 tenebrosas,
1430 739 1578 800 coronatus,
1593 730 1732 803 capillatus
1750 733 1795 789 rel

156 818 238 886 dines,
263 816 428 889 propapines,
452 816 595 888 uorapines.
621 814 709 871 Verba
733 815 858 872 similiter
880 825 950 872 tcm-
999 816 1155 885 capillosus,·
1173 819 1213 873 sic
1236 833 1385 885 nsncnosus,
1408 820 1563 890 papillatus,
1589 821 1742 890 paludatus,
1761 821 1787 879 tl

156 923 222 982 pore
240 907 381 980 praeterito
398 907 458 977 plus
479 920 559 977 quam
577 906 694 976 perlecto
707 906 750 962 his
762 907 865 977 legibus
885 908 949 963 sub-
999 917 1051 973 est,
1066 908 1255 977 paludamento
1269 918 1386 981 togatus,
1402 919 1543 980 catenatas,
1559 911 1728 982 pharetratus.
1743 923 1793 979 pa-

155 1002 265 1065 dnntur.
277 1003 308 1055 ul
318 1007 479 1065 annonast,
494 998 644 1068 lipacsrant,
666 1007 827 1066 nccaucrant,
841 1007 949 1070 putare·
999 1000 1138 1067 lumbinus,
1152 1002 1322 1058 columbinus.

156 1105 224 1162 rans,
241 1093 386 1160 liturarum,
397 1092 550 1164 ripanerant,
563 1100 723 1160 ruepmerant,
737 1100 765 1146 ιι
776 1100 883 1147 cetera.
1036 1092 1067 1146 b.
1084 1093 1147 1149 ttsc
1162 1096 1269 1149 nonnos
1293 1112 1340 1151 seu
1357 1097 1495 1166 participia
1516 1098 1559 1154 rui
1572 1099 1667 1154 lormss
1689 1097 1791 1154 ussisti

190 1181 224 1236 b.
237 1181 305 1249 Quae
319 1181 445 1252 prosodia
462 1178 563 1235 tenoris
576 1180 604 1234 iu
615 1179 732 1234 diiambo
752 1181 947 1236 statuiturl-
998 1183 1177 1252 aptabunturl
1189 1214 1223 1231 -
1234 1185 1270 1239 hl.
1292 1187 1387 1242 Omnia
1411 1197 1566 1259 pentaptota
1584 1201 1645 1244 csse
1667 1194 1790 1243 aeteram

156 1272 192 1330 Ι.
205 1272 382 1328 dominassu
401 1272 484 1326 rerba
509 1270 627 1326 diiambo
642 1272 793 1340 mancipata
816 1280 947 1328 acuuntur
998 1275 1144 1330 sanctoritss
1159 1276 1288 1332 declarat.
1321 1341 1325 1349 ι

155 1365 266 1436 uiridem
278 1372 309 1421 ut
327 1364 507 1436 dispondaeus,
529 1363 578 1420 sed
591 1364 618 1419 in
643 1365 694 1421 hoc
714 1366 870 1436 discrepare
887 1382 947 1425 cer·
1034 1367 1066 1423 D.
1082 1367 1117 1420 Da
1135 1368 1255 1437 exempla
1278 1368 1313 1425 de
1337 1370 1460 1437 personis
1473 1371 1618 1426 verboram
1630 1379 1790 1439 antespasto

156 1468 268 1526 nnntur,
294 1458 365 1529 quod
385 1457 559 1529 dispondeus
580 1459 607 1513 iu
629 1459 788 1528 penultima,
810 1459 945 1517 diiambus
997 1459 1182 1529 congruentia.
1203 1489 1238 1500 -
1258 1460 1295 1516 ll.
1318 1461 1444 1515 Amabam
1474 1461 1620 1525 amabatis,
1644 1473 1791 1513 murentur

157 1564 219 1606 reso
232 1551 261 1606 itt
275 1550 489 1620 antepenultima
505 1559 613 1606 acutum
629 1550 738 1607 babebit
750 1563 901 1621 accentum,
918 1563 946 1610 ot
996 1549 1128 1615 astaretis,
1144 1549 1280 1604 litabaruus
1293 1550 1415 1618 litabatis,
1429 1552 1530 1605 litarem
1541 1549 1663 1615 litaretis,
1677 1549 1789 1603 necaba-

1736 345 1789 404 “did

157 1652 250 1700 caten
263 1641 458 1713 curabuntur.

450 1733 648 1790 Deditrcchao.

995 1662 1054 1700 nsrrs
1073 1646 1210 1711 necabatis,
1226 1659 1374 1702 necaremus
1396 1644 1523 1701 necaretis
1534 1661 1544 1711 ,·
1567 1646 1607 1700 sic
1632 1644 1790 1715 nepabauaus

996 1736 1138 1807 nepahatis,
1162 1736 1309 1807 fortunas
1334 1736 1469 1809 favebatis,
1489 1735 1635 1791 carebamus
1657 1734 1788 1799 emebatis,

187 1828 218 1884 b.
228 1825 842 1897 baiormulasexcmplorumquibusditrochasi
851 1826 945 1897 regola
959 1798 983 1860 B
996 1826 1140 1883 serebamus
1154 1827 1285 1893 massas,
1300 1827 1438 1900 apetamus
1453 1827 1574 1899 spelaeis.
1589 1824 1627 1881 ltu
1645 1825 1671 1879 iu
1682 1824 1788 1882 ceteris

155 1928 337 1992 competenter
346 1919 489 1976 clarescat.
501 1917 578 1974 -Μ,
589 1917 733 1990 ductilem,
746 1918 885 1985 cantilena,
897 1919 945 1972 cal·

155 2015 249 2081 titudo,
262 2012 385 2079 altitudo,
402 2011 547 2084 pippitudo,
562 2009 702 2080 lippitudo,
718 2010 864 2082 lonpitudo,
881 2011 944 2064 iati-

154 2106 224 2171 tudo,
244 2104 383 2176 lenitudo,
408 2091 574 2174 maapnituda,
603 2100 759 2168 crassitudo,
792 2101 942 2172 spissitudo,

154 2197 288 2270 aspritudo,
304 2195 481 2265 pulchritudo,
492 2193 637 2265 turpitudo,
653 2191 790 2264 fortitudo,
805 2193 941 2247 rectitudo.

154 2289 215 2346 lluc
225 2289 317 2345 omnis
333 2295 498 2359 pentaptota.
513 2285 651 2356 Excipitur
664 2284 794 2339 cantilena
812 2283 883 2353 qnod
896 2283 944 2339 tri·

153 2392 257 2455 ptotum
273 2394 373 2436 nomen
385 2387 435 2436 est.
452 2379 516 2435 item
532 2378 565 2434 de
580 2376 698 2434 secunda
710 2375 900 2443 declinatione,
913 2386 943 2431 ut

151 2474 312 2546 publicanus,
342 2471 512 2539 Ymcalanus,
533 2469 691 2542 passerinus,
706 2469 852 2536 anserinus,
868 2469 943 2537 oppi-

152 2563 244 2630 danus,
259 2562 422 2628 rusticanus,
435 2560 606 2631 Claudianus,
622 2561 762 2625 Adrianus,
774 2560 940 2627 masculinus,

152 2654 302 2728 ismininss,
314 2655 471 2724 Gaditanas,
486 2655 651 2724 Gallicanas,
664 2654 839 2722 Formicinus,
854 2652 942 2709 ilasi·

153 2750 247 2821 uisas,
275 2750 451 2826 bombycinus,
472 2752 620 2807 destruam
645 2764 742 2806 nomeu
769 2749 906 2821 epitheton
926 2763 942 2803 s

152 2841 326 2914 hsssbuciius,
339 2841 367 2897 id
390 2851 433 2898 est
446 2841 583 2898 vermibus
602 2855 671 2914 quos
689 2855 759 2896 seres
780 2842 859 2912 uulgo
873 2856 943 2896 nun·

151 2943 260 3005 cupaut,
283 2933 355 2991 nude
368 2932 456 2989 serica
471 2933 552 2989 restis
568 2932 643 2988 lestis
655 2931 760 2986 lilinum
781 2930 942 2987 staminibus

150 3025 300 3080 contexitur
310 3039 318 3091 ;
329 3022 499 3087 ludibundus,
510 3022 660 3089 iracundus,
669 3017 861 3093 fraudulentus,
870 3035 942 3089 pam·

151 3117 283 3184 munius,
295 3116 471 3184 corpulentus,
491 3115 645 3179 sistoleutus,
660 3114 829 3177 merulentus,
845 3111 977 3209 princi·C

151 3218 238 3278 patus,
255 3191 406 3276 patula'rus,
421 3207 447 3263 id
466 3217 507 3263 est
530 3206 719 3276 paludamento
737 3204 857 3270 indutus,
869 3204 939 3260 sicut

152 3309 253 3374 matus
267 3311 327 3372 toga
347 3299 461 3357 restitus
480 3298 589 3354 dieitur.
611 3297 640 3353 lu
664 3296 808 3353 uerborum
831 3312 939 3369 quoque

152 3392 236 3449 nodis
251 3400 280 3448 st
293 3404 469 3462 personarum
485 3387 709 3444 declinationibus
721 3386 885 3442 ditrochaeus
895 3401 938 3442 rc-

153 3486 263 3554 psritur,
279 3492 307 3539 ut
319 3483 486 3552 eastiparnuc,
500 3480 654 3545 lectitamus,
671 3479 827 3549 irropamus,
844 3477 937 3532 sobro-

149 3591 247 3647 mutus,
263 3574 436 3640 clamitamus,
448 3570 618 3644 fascinamus,
634 3569 803 3640 pastinamus,
822 3569 938 3623 rumina·

148 3685 213 3736 uss,
228 3678 278 3724 ot:

208 3758 272 3809 llice
281 3759 327 3808 stab
337 3759 407 3821 nigra
420 3755 541 3821 pallentes
552 3755 658 3804 ruminat
669 3752 778 3804 herbas:

147 3847 302 3916 sepiarum,
327 3846 487 3913 sauciamus,
509 3844 699 3914 confricamus,
727 3838 936 3912 stranpulamus,

146 3940 318 4002 sciscitamur,
335 3936 521 4003 machinamur,
537 3933 727 4008 praetolamur.
745 3932 791 3986 Sic
805 3930 937 3987 iullnitino

147 4037 225 4091 nodo
249 4033 391 4104 (maioma,
410 4032 550 4099 pastinare,
579 4028 729 4099 semiprarc.
757 4024 937 4096 Excipiuntnr

996 1917 1141 1974 uredorum
1156 1920 1321 1988 temporibus
1335 1927 1364 1975 et
1374 1933 1550 1989 personarum
1562 1915 1788 1973 declinationibus

995 2010 1116 2080 ejusdem
1145 2009 1220 2080 pedis
1243 2009 1357 2065 lormula
1383 2008 1480 2065 crebro
1502 2010 1635 2079 reperitur
1662 2009 1786 2072 inserta,

994 2122 1074 2179 quiam
1089 2107 1245 2178 singillatim
1265 2106 1392 2162 etoircre
1414 2114 1441 2161 et
1460 2103 1648 2159 uniuersaliter
1665 2100 1785 2159 eniadarc

996 2201 1086 2258 taedet.
1111 2200 1176 2255 Nam
1197 2200 1275 2255 aliter
1291 2200 1317 2254 in
1341 2196 1542 2267 participiorum
1561 2191 1786 2248 declinationibus

995 2301 1166 2364 antespastus
1193 2292 1344 2362 indagatur,
1378 2298 1500 2358 tempore
1522 2286 1631 2366 quictem
1659 2284 1785 2354 prasenti

993 2400 1008 2439 a
1025 2386 1109 2440 torma
1125 2384 1276 2440 inchoativa
1288 2397 1337 2453 pec
1351 2380 1496 2451 partitivum
1512 2377 1686 2455 singularem,
1704 2372 1785 2428 utui-

993 2485 1089 2532 tcscens
1100 2475 1254 2540 nitescentis,
1267 2474 1405 2530 rubescens
1424 2470 1589 2535 rubescentis,
1605 2469 1729 2523 ciresccns
1746 2465 1785 2518 si·

992 2567 1128 2633 resecatis,
1151 2567 1298 2622 madescens
1317 2565 1496 2627 madescentis,
1511 2564 1638 2633 ripcsecns
1655 2559 1785 2630 ripcscen·

992 2659 1036 2713 tis.
1057 2659 1103 2718 Sic
1122 2667 1243 2729 tempore
1263 2658 1401 2728 preterito
1423 2664 1452 2712 et
1465 2654 1555 2712 lutura
1574 2669 1622 2724 per
1635 2645 1784 2721 penitir'um

992 2748 1134 2820 pluralem,
1154 2749 1235 2804 ansati
1254 2756 1411 2811 amatorum,
1433 2746 1517 2800 necati
1538 2752 1695 2806 necatorum,
1718 2738 1785 2793 litati

992 2845 1134 2911 litatorum,
1149 2843 1253 2898 amandi
1276 2841 1456 2905 amandorum,
1472 2837 1582 2892 necandi
1600 2835 1784 2896 necandorum,

992 2935 1087 2991 litandi
1097 2937 1257 2992 litandorum
1268 2949 1279 2999 ,·
1292 2933 1333 2990 sic
1352 2932 1539 2994 docendorum,
1554 2925 1729 2998 lspcndorum,
1745 2938 1785 2978 rs·

992 3029 1143 3100 penderant,
1160 3026 1340 3098 petendorum.

1029 3120 1060 3177 b.
1078 3121 1254 3189 dntcspastus
1267 3134 1322 3190 quo
1346 3125 1459 3174 accentu
1480 3113 1678 3187 proterturt-
1689 3110 1724 3166 hl.
1740 3108 1784 3163 ln-

992 3211 1096 3266 terdum
1117 3211 1234 3277 acuitur,
1249 3216 1279 3264 ut
1298 3208 1460 3280 tepescentis,
1485 3203 1647 3268 tabescentis,
1663 3215 1783 3256 acescan-

990 3303 1032 3357 tis.
1046 3303 1243 3374 Nonnunquam
1259 3316 1324 3357 sero
1338 3299 1567 3363 circumllectitur,
1588 3305 1620 3352 ut
1633 3294 1783 3366 miudmrn,

990 3393 1165 3464 palumbinus,
1187 3393 1360 3447 columbinus.
1375 3392 1476 3447 ilarum
1492 3399 1581 3446 autem
1602 3401 1692 3442 cerum
1715 3385 1783 3439 ratio

991 3497 1079 3543 utrum
1094 3496 1172 3543 acuto
1194 3502 1228 3541 an
1243 3485 1419 3542 circumllcso
1440 3483 1640 3555 pronuntietur,
1657 3485 1784 3534 accontus

990 3579 1143 3652 postularet
1166 3589 1261 3636 natura
1274 3580 1334 3635 luce
1352 3579 1450 3634 stacius
1471 3574 1654 3631 manifestant.
1668 3571 1717 3626 llic
1734 3583 1782 3638 pro

989 3689 1064 3743 aqua
1090 3671 1230 3727 divisionis
1251 3672 1342 3741 specie
1364 3675 1561 3738 sequestratur,
1575 3663 1639 3718 duan
1654 3661 1729 3729 ‚srsts
1754 3668 1782 3713 et

990 3764 1073 3821 tiresis
1089 3765 1196 3832 paribus
1207 3772 1359 3832 temporum
1380 3759 1484 3829 legibus
1504 3754 1681 3820 eorrcordaot,
1697 3752 1780 3806 idest

990 3856 1075 3913 teraris
1090 3863 1117 3911 et
1127 3853 1222 3908 ternis.

1279 3942 1318 3998 lle
1330 3941 1488 3996 choriambo.

1026 4040 1058 4096 l).
1078 4036 1256 4095 Clroriambns
1270 4034 1342 4090 undu
1368 4031 1527 4088 uocabulum
1541 4027 1654 4085 sortitus
1665 4023 1729 4083 esti
1744 4048 1780 4063 -·

148 4126 252 4196 imm
274 4132 301 4180 ²²
315 4121 477 4193 d⁰l⁰¹¹0¹¹²i²
492 4120 614 4192 ⁰1¹¹⁸d0m
642 4117 724 4183 ΜΗ*
747 4126 779 4173 ¹¹²
797 4116 935 4181 ⁸⁶⁵⁸⁶¹⁸⁸⁰ffr
988 4134 1024 4192 ll.
1036 4133 1102 4202 Quia
1118 4147 1150 4188 es
1165 4130 1273 4186 eboraco
1285 4136 1313 4183 et
1326 4126 1416 4181 iambo
1428 4123 1524 4192 simpla
1535 4119 1632 4191 pedum
1646 4125 1780 4172 structura

147 4212 298 4280 machinari,
317 4212 487 4286 stranpulari,
506 4226 565 4282 qua
590 4209 617 4264 iu
635 4207 754 4279 regulam
774 4206 877 4277 epitriti
893 4219 937 4261 se·
989 4227 1016 4282 p„
1030 4225 1139 4293 duplum
1155 4221 1303 4293 geminam,
1324 4225 1449 4283 consp„
1473 4213 1596 4271 spumas
1608 4211 1708 4281 quippo
1722 4217 1778 4263 iro-

146 4306 224 4361 csndi
237 4304 353 4362 transire
367 4314 527 4360 noscuntur.
550 4302 686 4359 interdum
710 4300 854 4358 trochaicae
870 4298 936 4368 lepis
988 4317 1080 4373 epm
1093 4321 1273 4384 cognouwnpo
1290 4316 1468 4378 nuncupatus,

148 4397 269 4453 mula
291 4411 306 4450 θ
332 4396 535 4468 iflficllll’wm
558 4393 799 4466 ⁸¹8⁰3ss0²¹⁵⁰⁰5b⁰⁶
822 4390 936 4447 lilium·
1024 4409 1057 4466 b.
1085 4407 1215 4477 Exempla
1236 4401 1392 4460 choriambo
1415 4395 1589 4470 congruentis
1618 4403 1778 4461 cottssererc,

148 4496 262 4557 ιιιιιιι,
282 4497 313 4544 ιι
335 4488 519 4555 raimundus,
544 4488 733 4556 masticandus,
754 4485 935 4554 calculandus,
950 4513 975 4575 D
989 4516 1089 4574 quw),
1111 4516 1166 4557 „on
1190 4512 1309 4556 mcum,
1322 4524 1359 4538 -
1370 4496 1404 4550 pp,
1420 4493 1599 4563 (imorem,
1620 4487 1779 4556 lysippum,

147 4580 334 4646 calcitrandus,
362 4580 538 4647 dedicandus,
563 4579 742 4647 ventilandus,
765 4578 935 4633 vellicandus.
988 4593 1163 4666 ppmppopm,
1176 4590 1342 4661 mimum,
1353 4585 1507 4645 presignans,
1522 4576 1649 4643 cesaries,
1663 4575 1780 4641 cerutus,

145 4670 483 4742 neumasensium,
500 4681 528 4727 nt
542 4669 873 4740 imbuendus,obruendus,
891 4683 936 4722 ea·
988 4684 1130 4757 ,mm-u.
1154 4682 1259 4750 mm„
1288 4679 1417 4752 mappa,
1440 4674 1565 4740 mmm,
1588 4676 1618 4722 οι
1642 4667 1669 4722 j„
1693 4664 1780 4722 Geor.

145 4761 305 4832 priucadus,
319 4763 470 4832 sapiendus,
480 4764 640 4830 sarciendus,
657 4761 804 4834 sepiendus,
820 4764 936 4816 sancien-
986 4775 1072 4848 giij

145 4852 203 4920 dnr
215 4853 372 4924 [millim-
1050 4865 1184 4916 Luxuriant
1195 4871 1309 4927 segetum
1320 4866 1409 4910 tenera
1419 4855 1528 4916 depascit
1540 4855 1564 4902 lu
1576 4849 1655 4899 barba
1667 4861 1674 4896 ι

179 4944 213 5000 b.
229 4944 267 5001 Da
280 4945 400 5018 recolam
415 4947 565 5004 divisionis.
577 4976 612 4988 -—
624 4948 659 5003 bl.
675 4946 761 5017 AEqua
775 4944 936 5000 ditrochaeus
987 4950 1130 5021 temperies,
1145 4946 1273 5019 sepnitics,
1287 4943 1411 5005 calvities,
1422 4934 1559 5008 inpluries,
1573 4930 1685 4998 illuvies,
1697 4931 1781 4986 since·

143 5032 218 5091 lsucc
229 5035 354 5104 libratur,
370 5038 434 5093 dnm
448 5038 518 5096 arsis
537 5046 566 5094 et
579 5039 663 5095 thosis
679 5038 720 5093 bis
733 5039 815 5093 ternis
832 5044 937 5106 tempo-

143 5139 200 5185 mm
215 5130 325 5187 trsuieis
338 5133 550 5203 aequiparantur.

175 5224 208 5281 lt.
220 5226 299 5294 Quali
320 5239 433 5286 amento
456 5230 620 5287 ditrochaeus
645 5226 883 5302 liguraturi-li.
906 5225 935 5282 Si

140 5320 288 5386 penultima
309 5323 443 5392 positione
458 5323 624 5392 producitur,
638 5329 717 5377 acuto
732 5332 847 5378 accentu
865 5334 935 5390 prae-

138 5406 289 5476 coutitur,
317 5422 346 5468 ιι
365 5415 557 5485 apprepsadus,
582 5413 753 5485 dipcrendus,
783 5409 934 5467 basiandus.

136 5498 189 5556 dst
211 5515 277 5558 sero
295 5511 318 5566 st
330 5504 489 5562 naturaliter
502 5504 650 5575 penultima
672 5504 750 5572 longa
764 5501 855 5566 luerit,
876 5498 935 5556 sina

136 5591 265 5663 smblwo
284 5595 515 5662 ctrcumneetimr,
540 5602 570 5650 ut
593 5595 753 5666 passerinus,
778 5592 933 5658 vulturinus,

135 5685 285 5753 munus,
299 5695 327 5742 et
337 5696 436 5743 catera
447 5686 607 5758 derivatico,
621 5701 683 5758 quac
697 5683 821 5758 cupresios
832 5682 867 5739 de
880 5682 934 5754 pri·

134 5775 239 5834 nitiris
252 5777 449 5850 cmsessiruas.

986 5043 1060 5108 ritas,
1077 5040 1223 5110 posteritas,
1239 5043 1267 5089 ut
1285 5032 1370 5086 illud:

1048 5137 1081 5187 lit
1091 5137 1124 5183 sit
1133 5134 1269 5196 priscorum
1280 5126 1362 5176 nemis
1373 5121 1505 5186 posteritas
1511 5132 1521 5183 3

987 5216 1135 5283 crudelitas,
1159 5211 1293 5276 sedulitas,
1314 5210 1431 5275 ebrietas,
1456 5205 1591 5272 sobrietas,
1616 5198 1778 5273 simplicum,

986 5308 1135 5380 duplicitas,
1146 5303 1275 5371 irrupietas,
1291 5300 1420 5364 nobilitas,
1429 5296 1539 5359 adlisus,
1551 5292 1691 5354 calliditas,
1703 5301 1779 5355 aspe-

987 5402 1063 5464 ritas,
1078 5397 1222 5469 uirpinitas.
1238 5392 1272 5451 Ut
1287 5393 1402 5462 Prosper
1415 5392 1442 5448 in
1460 5383 1722 5459 Epigrammatibus:

1048 5490 1101 5540 ltce
1111 5487 1190 5539 crucis
1201 5486 1321 5550 asperitas
1330 5483 1408 5548 potuit
1420 5487 1517 5531 terame
1527 5475 1661 5528 rotantem.

988 5578 1026 5636 lis
1042 5576 1083 5632 luis
1096 5591 1157 5644 ιιι
1171 5573 1258 5631 tertie
1271 5567 1458 5628 declinationis
1472 5572 1535 5620 sont
1549 5567 1703 5631 pentaptota
1717 5570 1778 5613 cer-

988 5669 1091 5725 tissime
1114 5667 1181 5722 lium
1193 5684 1199 5720 ι
1212 5679 1275 5735 qnae
1297 5671 1389 5717 autem
1403 5659 1504 5727 quintae
1516 5652 1625 5716 lucriut,
1640 5648 1674 5706 ad
1694 5659 1776 5705 tetra·
1831 5680 1833 5685 -

987 5772 1089 5841 protam
1100 5758 1242 5819 termulam
1261 5747 1511 5826 suturnicensis
1531 5745 1641 5805 camina
1655 5739 1777 5801 lcrrriuini
