3832 6114
141 336 192 394 Hi
617 333 718 392 utuctt
740 334 784 393 ud
802 331 1020 394 sut’tuttuttto
1041 333 1084 391 El
1104 334 1150 391 ut:
1169 333 1307 393 mutuis.

141 454 276 526 alsatia
286 451 531 524 celestiurclectio,
540 455 841 526 protectiarlrguncala,
850 456 935 526 [orna-
951 455 970 507 Α
986 450 1026 506 sis
1039 451 1123 507 octies
1147 453 1230 509 semu
1247 451 1378 520 continet,
1399 461 1427 509 et
1443 453 1526 512 tltesis
1540 463 1633 525 gustes
1647 457 1741 528 umls,
1756 462 1785 518 nn

140 547 210 616 cula,
226 545 365 612 mariale,
375 546 545 614 paupercula,
556 553 701 611 malatera,
712 547 865 614 matercula,
878 562 936 600 nta-
986 551 1028 596 est
1042 541 1153 612 duplum
1180 544 1308 614 temporis
1333 556 1505 615 augmentum
1526 549 1596 601 arsis
1619 559 1781 619 usurpatos

139 639 252 713 furcula,
261 638 398 699 ceruicula,
411 634 558 704 vulpecula,
571 641 714 708 reprecnla,
724 638 858 703 nubecula,
871 656 937 694 nter-
985 633 1112 703 simplum
1127 635 1212 689 tltesis
1226 635 1358 703 gubernat
1388 636 1450 706 guia
1470 647 1534 692 sunt
1547 649 1664 710 quatuor
1685 654 1779 696 contra

140 732 242 794 adela,
251 728 371 786 acedula.
388 726 417 781 ln
431 725 474 781 ltis
487 727 606 799 quinque
618 729 771 784 nontinilnts
784 745 797 783 c
809 731 937 798 produci·
987 724 1052 780 duo.

140 833 193 890 tur,
204 820 412 883 utl‘riscianus,
429 816 501 872 libro
515 833 556 883 ιιι,
577 820 820 876 commentabatur.
837 822 877 876 lis
891 820 934 876 luis
1021 814 1052 870 u.
1069 816 1105 870 lla
1129 819 1249 887 regulam
1275 827 1447 875 accentuum.
1464 848 1499 861 -
1515 816 1551 875 nt.
1568 818 1675 876 lonicus
1698 823 1785 891 ntajor

141 913 233 985 pdmae
241 909 432 968 declinationis
444 909 553 965 nomina
561 911 670 979 triptota
678 911 777 967 suntin
790 912 933 983 singulari,
985 905 1012 959 in
1025 906 1149 961 omnious
1162 908 1315 963 orationum
1331 908 1451 978 partibus
1463 918 1544 964 acuto
1558 918 1672 965 accentu
1688 908 1715 963 in
1731 924 1781 965 au-

142 1002 935 1076 tursptoutnptoranpuaantcndctertiadecimanos
985 999 1159 1068 temnuntur
1182 1000 1350 1068 titulanttnr;
1380 1000 1483 1057 unirer
1504 1002 1586 1065 arsis,
1612 1010 1641 1056 ut
1655 1001 1782 1072 attinnt,

140 1097 170 1162 sd
184 1098 306 1170 regnlm
319 1097 400 1153 ionici
418 1096 529 1167 maioris
540 1096 737 1168 decerpstnrnt,
761 1098 788 1154 in
803 1100 932 1171 singularl
986 1089 1122 1161 geminato
1134 1090 1332 1161 triumphorum
1344 1103 1445 1162 tropuo
1457 1092 1640 1151 coronabitur.

141 1204 251 1247 ιιιιιιοιο
274 1196 430 1261 pentaptota
455 1199 528 1254 sunt,
554 1189 582 1244 in
602 1189 696 1260 plurali
723 1190 843 1262 triptota.
869 1191 933 1247 ltetn
1258 1181 1299 1238 De
1314 1200 1403 1253 paone
1417 1186 1511 1253 primo.

141 1282 286 1338 msruttna
301 1281 343 1336 uel
366 1279 518 1335 communia
543 1281 654 1349 triptota
670 1290 784 1361 utroque
810 1296 932 1347 numero,
1021 1275 1052 1331 l).
1071 1274 1183 1332 Restant
1198 1275 1297 1346 epitriti
1319 1286 1347 1332 ct
1367 1293 1486 1346 paeones,
1509 1292 1623 1348 qnorum
1646 1278 1785 1347 exemplar

1735 341 1789 398 229.

142 1379 166 1426 ut
177 1370 316 1436 eiramis,
331 1369 479 1435 laudabilis,
505 1367 629 1435 affabilis,
646 1369 769 1439 effabilis·
787 1370 932 1442 Virgilius:

197 1460 254 1512 liec
266 1462 316 1510 siro
327 1459 403 1510 laellis
418 1473 464 1509 nce
475 1459 541 1509 dictu
555 1459 671 1524 effabilis,

142 1543 296 1615 macellis,
315 1540 464 1612 triplabilis.
481 1539 629 1596 sedulius:
690 1549 692 1552 ·

198 1635 269 1697 Quod
278 1633 384 1697 simplex
391 1632 631 1696 triplicel,quodquc
641 1639 678 1682 est
687 1631 809 1696 triplabile
816 1632 931 1695 simplex3

142 1719 310 1783 ramusculus,
324 1718 500 1782 nummatus,
516 1717 587 1786 quod
604 1726 646 1772 est
661 1715 779 1771 rumoris
792 1716 933 1770 diminuti·

984 1367 1102 1421 nondum
1116 1366 1324 1421 commentando
1345 1369 1543 1436 propalaveras.
1558 1397 1593 1408 -
1608 1368 1645 1423 ll.
1669 1367 1784 1422 Formu-

985 1457 1024 1512 las
1039 1456 1140 1526 patonis
1167 1457 1247 1527 primi
1276 1457 1438 1527 pedetentim
1463 1459 1609 1530 expediens
1632 1459 1784 1526 nullatenus

984 1547 1242 1617 comperendInabo,
1264 1550 1341 1619 cuius
1362 1549 1484 1620 enetupla
1507 1552 1661 1607 summatim
1685 1568 1784 1624 congc-

984 1656 1044 1697 rerc
1057 1642 1138 1707 nitar,
1155 1651 1183 1696 ut
1195 1642 1315 1709 ecclesia,
1328 1642 1444 1712 justitia,
1459 1644 1561 1710 latitia,
1577 1645 1687 1711 duritia,
1703 1647 1781 1701 lttuu-

984 1731 1034 1797 ria,
1057 1732 1196 1802 spurcitia,
1222 1733 1352 1800 arauirula,
1378 1733 1516 1802 clauicula,
1541 1733 1678 1802 'lenticula
1702 1738 1785 1805 parti·

142 1825 209 1876 ’Μ’
235 1808 404 1878 [mmmm
427 1807 583 1875 “mmm’'
599 1821 660 1860 ”²¹¹¹
685 1808 833 1874 ”mmmm
855 1821 930 1873 ⁰ae⁰¹¹
948 1815 1053 1889 ficula,
1070 1818 1212 1893 dulcicula,
1240 1828 1367 1891 assecula,
1393 1827 1515 1898 cuticula,
1536 1829 1676 1899 praticula,
1700 1829 1784 1885 Ausc-

141 1901 269 1957 secandus
282 1914 345 1955 csse
369 1896 545 1967 dignoscitur,
575 1897 747 1968 ntajusculus,
771 1897 931 1965 contpluscu·

140 1993 187 2069 las,
198 1990 373 2056 latrunculus,
382 1987 545 2057 furunculus,
558 1987 745 2052 carlunculus,
762 1986 930 2050 lenunculus,

139 2083 310 2151 mldentictts,
324 2077 497 2152 pauxillulus,
522 2078 679 2147 tirunculus,
699 2077 870 2140 earauncolus,
889 2092 933 2130 ar·

139 2175 250 2253 minas,
266 2173 429 2237 hornotinus,
458 2184 571 2241 quorum
591 2157 733 2244 ¹primitiae
750 2176 814 2221 sunt
833 2168 931 2239 runnjau,

139 2266 204 2338 ples,
219 2264 299 2330 lutra
314 2268 368 2336 fur,
384 2262 472 2328 aaron,
491 2263 558 2327 leno,
585 2262 688 2332 paulus,
718 2262 777 2324 tiro,
792 2274 868 2325 rana,
888 2274 933 2312 ur·
955 2288 958 2295 ‹

141 2379 195 2427 aar,
217 2360 311 2428 dorna.
341 2359 409 2414 liam
428 2340 586 2413 diminutiva
610 2338 831 2409 diminutivorum
857 2353 931 2407 intc-

139 2452 256 2519 riantur,
280 2459 310 2507 ιιι
330 2449 424 2520 paulus
441 2449 572 2520 paululus,
595 2442 725 2516 pauxillus
744 2442 931 2513 partxillulus,·

140 2542 175 2600 ita
188 2557 273 2614 eguus
286 2538 422 2611 agniculus
434 2537 575 2609 agnicellus
589 2534 778 2606 agruicellulus,·
793 2532 832 2587 sic
846 2546 930 2595 arona,

139 2633 293 2719 etpeliqua.
309 2630 372 2685 llec
386 2634 541 2698 pentaptota
559 2631 623 2679 sunt
643 2623 828 2693 singulariter,
848 2631 875 2677 et
889 2630 931 2674 te·

138 2707 253 2794 traptt'tta
267 2720 419 2790 pluraliter.
443 2716 508 2774 ltcm
527 2726 633 2785 neutra,
656 2722 685 2769 ut
701 2712 846 2784 dastidium,
859 2711 932 2766 ludi-

136 2814 233 2882 ml
251 2811 404 2882 Virgiliuat

480 2898 569 2963 rapidis
580 2897 682 2951 ludibria
696 2897 792 2955 rentis;

136 2985 304 3066 pharmium,
313 2983 447 3048 ararium,
459 2981 635 3055 proruentium
648 2979 774 3050 Virgilius
787 2997 793 3032 :

477 3074 565 3123 ineunt
576 3074 704 3135 proscenia
718 3071 786 3134 ludi;

136 3162 283 3232 cellarium,
303 3158 472 3230 plantarium,
500 3155 667 3229 palmarium,
694 3154 765 3225 quod
792 3153 820 3209 in
843 3151 969 3231 palmae

983 1916 1038 1981 tria,
1060 1915 1189 1983 Arcadia,
1215 1918 1360 1983 sarnunto,
1376 1920 1517 1974 ambrosiae
1545 1918 1695 1976 Fidiculani
1717 1937 1784 1977 reru

984 2023 1046 2063 reor
1065 2009 1099 2063 ad
1114 2009 1384 2078 proceleusmaticum
1399 2011 1554 2080 pertinerc;
1581 2013 1657 2084 cujus
1669 2012 1782 2084 primiti·

983 2114 1045 2154 uum
1060 2110 1102 2156 cst
1115 2102 1187 2170 fidis,
1202 2111 1232 2157 ut

1094 2217 1097 2222 ·
1152 2192 1232 2244 iectus
1243 2194 1336 2244 cithara
1347 2193 1487 2258 lldibusque
1498 2198 1613 2257 canorisr

983 2276 1024 2331 sic
1034 2276 1181 2330 cuticulam.
1195 2275 1291 2330 Omnia
1306 2276 1356 2330 ista
1371 2276 1528 2332 diminutiva
1540 2285 1593 2331 tam
1607 2278 1781 2347 penultimam

984 2383 1062 2439 quant
1084 2366 1320 2437 antepenultimam
1344 2367 1505 2438 corripiunt,
1521 2369 1645 2438 quamtis
1667 2369 1782 2424 cuticula

985 2459 1221 2530 antepenultimam
1247 2457 1389 2530 producat.
1404 2458 1545 2516 luvenalis
1568 2458 1596 2514 in
1619 2458 1725 2530 Satyris
1739 2459 1782 2514 di·

984 2567 1048 2608 cens
1065 2569 1072 2604 :

1046 2639 1107 2690 Cum
1118 2639 1187 2690 bibet
1197 2639 1307 2690 astitum
1319 2645 1444 2689 conuecta
1455 2636 1562 2688 cuticula
1576 2608 1672 2699 solem}

983 2724 1055 2796 guod
1070 2739 1132 2781 curu
1144 2723 1233 2779 lacere
1245 2721 1324 2783 metri
1337 2721 1485 2778 necessitas
1502 2721 1647 2790 computu
1661 2728 1777 2791 quatuor

984 2822 1057 2878 enim
1074 2821 1177 2877 habens
1188 2820 1269 2875 dictio
1284 2818 1419 2874 breveria
1433 2816 1542 2873 lteroioo
1557 2816 1618 2884 poni
1635 2830 1687 2869 non
1702 2814 1782 2868 aliter

985 2923 1101 2988 poterat,
1113 2914 1177 2969 licet
1192 2911 1318 2982 Virgilius
1331 2911 1357 2966 in
1372 2909 1560 2981 hujuscemodi
1574 2907 1741 2970 uominilnrs,
1753 2905 1781 2960 'ut

985 3021 1038 3076 cst,
1051 3015 1167 3078 quatuor
1182 3004 1279 3060 luceres
1295 3001 1467 3070 habentibus,
1478 3000 1564 3057 soleat
1582 2997 1780 3071 proceleusma-

987 3101 1054 3156 ticos
1066 3110 1177 3170 ponere,
1188 3104 1217 3151 ut
1233 3110 1240 3148 :

1155 3187 1232 3240 labat
1240 3188 1320 3238 ariete
1331 3185 1418 3238 namo
1424 3198 1432 3248 ;

136 3264 197 3327 egl,
220 3253 248 3310 id
268 3262 310 3309 est
324 3252 351 3308 in
365 3249 443 3306 laude
462 3247 590 3315 victorin,
605 3248 757 3312 conticium,
773 3243 929 3312 colludium,
982 3262 1029 3312 agg

136 3343 325 3414 corpusculum,
347 3339 530 3413 turpisculum,
546 3339 717 3408 spiraculum,
732 3335 866 3403 solatium,
883 3352 933 3392 cte·

138 3436 270 3502 utrium,
283 3432 448 3498 venabulum,
463 3433 649 3498 spectaculum,
673 3429 833 3501 prestigium,
849 3427 930 3482 satira·
982 3394 1028 3444 ου

137 3525 235 3593 alsat,
260 3526 427 3580 connubium.
453 3523 518 3579 llaec
537 3522 667 3578 neutralia
690 3525 717 3577 lu
744 3530 858 3593 utruque
883 3536 933 3576 uu-

137 3632 212 3689 ncro
225 3618 337 3687 triptota
352 3623 427 3672 sunt.

170 3715 205 3773 lt.
227 3716 269 3770 ua
283 3715 390 3786 regulas
413 3714 557 3770 uerborum
570 3725 633 3782 guae
654 3711 717 3767 lrnic
738 3709 800 3780 pedi
823 3709 934 3765 minima

137 3805 416 3876 tangentur-tt.
440 3805 564 3870 Blimina,
591 3804 732 3876 ingurgito,
760 3805 933 3874 mamardus,

117 3898 255 3981 'mira
276 3894 400 3966 iasipnio,
421 3895 531 3965 lasciuia,
545 3898 683 3964 exhaurio,
704 3895 817 3962 emollio,
843 3893 935 3948 alste-

140 3994 214 4059 trieo,
230 4001 261 4048 ut
280 3989 308 4046 in
325 3987 443 4044 Exodo:
461 4006 471 4042 ι
487 3989 519 4047 llt
533 3988 640 4061 quando
654 3986 864 4044 obstetricabitis
880 3987 935 4042 lle·

141 4085 244 4149 lrraess3
264 4101 275 4137 ι
289 4083 406 4148 errantia,
421 4082 556 4149 annuntio,
572 4081 735 4154 congaudeo,
757 4078 877 4147 enucleo,
892 4094 936 4131 as·

141 4177 231 4242 uatis,
244 4175 382 4244 cententio,
405 4175 503 4242 irretio,
519 4176 661 4249 presagio,
677 4174 790 4240 insanio,
805 4171 933 4237 custodio,

142 4266 299 4340 dmdninm
315 4263 470 4333 determino,
495 4267 612 4338 fastidio,
628 4274 793 4333 contorqueo,
817 4261 935 4332 resplen-

143 4359 198 4426 deo,
216 4357 333 4413 arrideo.
350 4358 388 4413 lta
404 4357 521 4413 lotorum
535 4365 649 4425 tempus.
663 4355 786 4427 ejusdem
807 4353 880 4409 modi
896 4354 937 4408 in·

145 4451 246 4525 dicturi
260 4452 339 4507 binas
360 4451 477 4506 admittit
490 4465 628 4522 personas,
651 4447 820 4520 gaudebimus
834 4446 934 4518 paude-

147 4542 210 4611 lltls,
231 4543 402 4612 malcallanus
423 4543 469 4609 tis,
492 4539 666 4596 sculcabimus
693 4541 737 4608 tis,
756 4527 974 4593 transsiluisti)

147 4631 185 4702 tis,
198 4632 351 4688 mandimus
366 4633 409 4687 tis.
426 4630 554 4702 tingitina
570 4648 576 4686 :

202 4719 265 4772 Ante
277 4721 405 4773 Tmnacrls
414 4721 546 4772 lentandus
558 4734 644 4773 remos
655 4723 679 4773 in
692 4721 769 4780 uuda;

148 4805 317 4876 mulinas
342 4807 387 4860 tis.
399 4803 488 4861 Sicde
503 4806 581 4861 tertia
596 4813 721 4874 correpta
744 4802 792 4858 sed
815 4810 937 4869 ternpore

149 4899 277 4968 presenti,
289 4898 475 4968 compescintss
500 4898 671 4969 compescitis,
693 4894 844 4966 infindimus
859 4892 937 4960 inpiu-

149 4989 213 5058 dtis,
232 4991 390 5047 annectimus
416 4993 562 5060 annutitir,
582 4987 755 5044 rescindimur
777 4983 935 5051 rescinditis,

140 5081 295 5154 depectimus
304 5082 447 5151 depectitis.
462 5081 496 5138 llt
511 5082 539 5138 in
554 5080 717 5151 Georgicis:

202 5173 352 5239 icllersqua
363 5180 391 5224 ut
403 5173 468 5224 loliis
478 5173 609 5237 depectant
620 5173 703 5222 tenuis
715 5169 803 5219 Serus.

148 5257 182 5316 lts
194 5260 324 5317 ininitiru
337 5259 420 5318 modo
440 5273 610 5331 compescere,
625 5255 764 5325 infindere,
789 5258 936 5311 annectere,

148 5355 298 5422 manaim,
310 5355 458 5428 depectere,
470 5353 616 5418 excludere,
629 5349 776 5413 detrudere,
789 5342 935 5409 comedere,

146 5451 284 5519 madae,
309 5450 422 5518 illidere,
446 5451 607 5520 depromere,
631 5442 774 5506 colludere,
797 5449 935 5507 emergere,

146 5541 288 5610 lutereere,
301 5543 612 5607 communicaremus,
631 5546 660 5592 ut
675 5537 702 5592 in
717 5526 893 5603 epithalamio
909 5542 916 5579 τ

203 5634 295 5687 llellea
306 5643 367 5687 tuac
376 5634 456 5684 rosels
465 5632 607 5682 haeroecuat
617 5628 679 5677 lauis
695 5623 781 5674 labris

177 5719 207 5774 o.
229 5719 307 5777 Acris
330 5725 359 5776 et
377 5715 461 5772 thesis
473 5711 608 5786 quomodo
622 5710 663 5766 rel
678 5707 795 5778 qualiter
816 5698 936 5774 sgllalta·

144 5828 200 5871 ram
212 5821 338 5881 msam
352 5809 380 5868 ia
394 5805 483 5867 tadeo
496 5804 601 5879 majore
614 5798 784 5874 parcuntur
794 5793 867 5853 -il.
886 5793 940 5850 lu.

1153 3319 1297 3384 Depectaut
1305 3318 1390 3372 tenuia
1402 3315 1491 3375 Seres3

1155 3455 1241 3506 Genua
1254 3452 1344 3504 labant.

983 3559 1050 3616 lteut
1071 3558 1218 3614 masculina
1232 3555 1266 3612 ad
1281 3568 1401 3625 pauorem
1417 3552 1533 3622 primun
1549 3545 1712 3617 pertinentia
1727 3585 1736 3611 ,
1750 3553 1780 3599 ιιι

984 3650 1140 3724 ponticulus,
1153 3648 1298 3720 folliculus,
1314 3642 1499 3711 patrrrlculusa
1523 3655 1610 3708 partas
1626 3635 1778 3705 ,parescunt

984 3760 999 3800 u
1012 3759 1093 3818 parto,
1104 3740 1228 3812 quamuis
1240 3736 1429 3792 diminutivum
1444 3746 1459 3785 a
1475 3727 1609 3799 primitivo
1625 3727 1761 3792 discrepat
1775 3742 1784 3791 ;

985 3836 1135 3910 semimlm,
1148 3828 1311 3894 marticulus,
1324 3822 1463 3897 igtticulus,
1478 3818 1621 3882 testiculus,
1634 3815 1783 3887 funiculus,

983 3930 1134 3994 criniculus,
1149 3923 1299 3996 pisciculus,
1324 3916 1470 3974 curriculus
1489 3922 1517 3968 et
1543 3910 1595 3966 ltoc
1619 3906 1781 3964 curriculum

985 4021 1143 4093 tteutrnliter
1152 4014 1251 4073 dicitur
1265 4054 1273 4079 ,
1287 4008 1426 4068 auriculas
1442 4048 1450 4073 ,
1463 4004 1624 4077 flucticulus,
1639 3999 1776 4063 aruculut,

985 4114 1120 4179 ridiculus,
1132 4108 1261 4172 artlculus,
1274 4100 1440 4163 vermiculus,
1455 4095 1604 4167 agniculus,
1619 4090 1774 4164 fasciculus,

985 4204 1124 4269 eusicu'us,
1136 4200 1282 4266 cuniculus,
1296 4193 1463 4267 uentriculus.
1474 4185 1615 4243 luvenalis
1625 4183 1653 4240 itt
1667 4199 1688 4240 t:

1080 4314 1145 4367 lnlra
1157 4310 1320 4363 uentriculum
1331 4306 1399 4357 tenui
1411 4299 1525 4350 dnuutta
1541 4298 1613 4347 rima.

1022 4424 1172 4480 Nascuntur
1183 4431 1246 4473 acro
1260 4415 1320 4469 huc
1331 4408 1490 4466 diminutiva
1505 4411 1552 4460 aut
1565 4403 1600 4458 de
1612 4397 1778 4471 monosylla-

986 4519 1028 4575 ltis
1041 4528 1070 4571 ut
1081 4530 1146 4587 pons
1157 4507 1319 4583 ponticulus,
1331 4511 1377 4559 aut
1387 4501 1421 4558 dc
1431 4496 1581 4571 disyllabis,
1610 4503 1640 4549 ιιι
1654 4492 1723 4546 ensis
1733 4505 1783 4543 sn·

985 4613 1093 4676 siculus,
1104 4605 1187 4662 dulcis
1197 4597 1350 4657 dulciculus.
1364 4594 1430 4651 lteut
1441 4587 1559 4655 mobilia,
1567 4595 1781 4658 purpureoncec-

987 4702 1085 4768 redens,
1098 4709 1267 4758 tnarmoreus,
1279 4700 1424 4762 aequoreus,
1439 4684 1570 4755 sannaus,
1588 4675 1743 4742 llerculeus,
1756 4679 1786 4725 ιιι

987 4792 1127 4850 lucernalis
1142 4807 1150 4845 ε
1493 4861 1497 4867 Δ

1081 4906 1173 4958 Audiet
1183 4897 1306 4952 llerculeu
1317 4895 1463 4947 stridentem
1474 4880 1674 4954 gnrgttcsolem,

987 4999 1586 5084 tartareus,cnriuesus,pantpineus,puniceus,
1597 5003 1628 5051 ut
1644 4988 1785 5063 Virgilius.
1848 5000 1851 5005 ·

1079 5173 1189 5226 Puniceo
1202 5165 1276 5218 subis
1286 5172 1357 5212 suras
1376 5091 1628 5229 autonomiam,

987 5257 1153 5330 ranprtineus,
1167 5248 1294 5308 sidereus,
1310 5253 1459 5310 corporeus,
1476 5233 1603 5303 sentlrteus
1619 5271 1628 5294 ,
1642 5227 1784 5300 plemneus,

988 5349 1124 5420 populeus,
1135 5337 1267 5403 allerias,
1285 5331 1402 5405 Elysius,
1415 5326 1578 5399 Gorgoneas.
1595 5321 1723 5390 Virgilius
1740 5334 1748 5371 ε

1081 5458 1117 5510 Ex
1136 5457 1162 5508 iu
1174 5451 1311 5516 Gorgoneis
1322 5447 1420 5499 utiocto
1435 5445 1528 5494 insacta
1542 5435 1654 5495 uenenis3

988 5565 1115 5640 margins,
1128 5560 1247 5627 exiguus,
1256 5553 1411 5626 precipuus,
1425 5544 1556 5604 assiduus,
1572 5536 1697 5608 irriguus,
1711 5533 1781 5591 rcri-

988 5659 1066 5727 aaut,
1077 5647 1237 5709 sandonus,
1250 5643 1411 5704 raucisonus,
1428 5633 1609 5705 praudlronus,
1626 5636 1655 5681 ut
1680 5635 1780 5696 pontu

1079 5729 1448 5858 ffifflffidffiparemntu
1455 5722 1679 5790 uagtcoqoalmstu
