3832 6114
172 273 221 329 lli
583 274 614 333 S.
633 275 811 334 abftbtttlt
828 274 972 334 btlnnbtt
993 273 1084 334 PARS
1103 276 1136 334 ll.
1156 304 1190 318 -
1210 276 1426 337 functurus.
1761 277 1815 336 tls

170 402 250 458 quom
265 395 335 441 teres
351 384 454 456 tentigo
468 385 530 443 eceli
541 387 570 443 in
581 387 690 444 modum
703 389 820 445 rotantis
833 385 963 444 fundibali
977 387 1129 451 Acrtteota
1152 398 1316 458 capessunt,
1343 389 1441 446 bedam
1463 389 1629 447 ftttrreodttnt
1651 389 1813 459 instanrant,

137 467 154 512 '⁴
171 481 362 550 circumgyrat,
377 478 452 534 rudis
474 492 616 549 perseam
629 480 721 538 baccis
743 480 919 536 ambronibus
937 489 967 539 et
1018 479 1136 536 reditiva
1145 484 1293 538 certamina
1305 483 1360 537 toti
1371 483 1542 552 contpotibns
1555 482 1701 540 instruunt.
1710 483 1812 553 ousta·

173 570 256 626 labris
277 570 434 625 lurconibus
454 569 564 627 vetitam
588 570 734 641 degustans
756 571 923 639 allmaolaar,
939 571 966 627 in
1016 575 1110 631 cbrero
1136 576 1223 647 primo
1247 575 1417 645 importunus
1437 576 1634 651 gastrimargia
1656 575 1812 647 draco,qnl

173 662 368 734 gastrimargiae
382 659 538 730 uoraginem
559 662 704 718 crudeliter
717 656 880 730 cecidissctp
895 664 966 733 quod
1018 663 1178 734 pestiferum
1195 665 1427 736 praeuaricationis
1442 668 1514 722 tirus
1533 667 1642 723 rudibus
1662 667 1814 724 ssorttlcnlat

174 754 196 809 si
222 752 340 823 angelica
360 766 537 823 supernorum
562 752 661 809 clrium
674 753 817 822 celsitudo,
841 755 968 811 elaeonis
1017 754 1282 811 telluriscolunisde
1296 753 1812 823 venenosafauccletltalitererurnnit,

173 855 276 903 tanturn
290 842 437 914 supercilio
447 852 615 915 turgescens,
631 843 711 902 beato
724 856 885 903 caeterorum
899 859 968 902 con·
1018 844 1174 918 frugalitatis
1186 846 1524 916 abstinentiaexplodatur;
1533 847 1566 902 ad
1579 857 1731 903 extremum
1746 863 1813 904 reru

173 935 298 993 taberolo
312 943 341 990 et
353 932 458 989 deidcn
473 934 711 1004 contemplareris
725 936 867 1006 participio
878 937 969 1007 prira·
1018 940 1185 996 trucutentus
1208 942 1344 1010 superbiae
1357 939 1456 1004 natrir,
1472 940 1517 1010 qui
1537 939 1643 995 beatam
1660 940 1723 1025 cmii
1738 939 1816 995 fami·

174 1031 262 1094 batnr,
275 1026 475 1098 quantomagis
489 1025 641 1097 gracillima
654 1029 807 1085 monalium
826 1028 967 1101 fragilitas,
1020 1031 1083 1086 liam
1097 1039 1126 1087 ct
1140 1030 1218 1087 almar
1240 1030 1356 1087 cit-itatis
1369 1031 1519 1098 municipes
1533 1029 1682 1100 lugubriter
1703 1038 1815 1087 cusamr-

172 1126 195 1180 si
209 1124 244 1179 de
259 1121 375 1194 propriis
390 1120 546 1178 meriturum
562 1122 752 1179 emolumentis
765 1131 796 1178 at
813 1121 905 1178 indata
921 1137 969 1179 rs·
1019 1123 1103 1188 bavit,
1117 1121 1151 1177 de
1167 1121 1413 1177 latebrosisanimtc
1425 1132 1524 1178 nostrat
1540 1122 1730 1178 recessibutet
1740 1124 1814 1177 clau·

173 1213 230 1269 sits
246 1210 417 1278 intumuerit,
432 1219 460 1267 et
469 1209 503 1266 dc
514 1211 636 1284 virginali
650 1212 810 1270 castimonia
822 1212 970 1286 decerpere
1019 1213 1134 1270 destinis
1158 1211 1369 1282 praecordiorum
1394 1212 1511 1268 latibulis
1532 1213 1813 1299 eliminatos,procnl

174 1303 251 1374 quiesi
270 1305 379 1377 speciali
399 1307 579 1365 sanctimonia
600 1310 770 1367 rumusculos
788 1311 902 1382 gingivis
925 1332 968 1366 sr-
1020 1305 1112 1380 ditine
1131 1315 1234 1362 terrore
1256 1305 1370 1361 traditur
1385 1305 1488 1381 quent,
1510 1304 1655 1381 trudatnrl.
1679 1308 1815 1375 Qttetnad·

174 1393 288 1463 ιιδιξίας
312 1399 442 1469 caeperit,
461 1415 477 1455 a
496 1401 616 1458 eoelcstis
635 1403 728 1472 spousi
745 1404 862 1459 triclinio
881 1403 970 1460 luleli·
1021 1400 1130 1456 nteduot
1144 1399 1319 1456 ffebrnorum
1334 1399 1448 1468 pbalaux
1460 1400 1605 1458 duodecies
1619 1402 1817 1473 quinquagenis

175 1489 243 1545 citer
256 1489 441 1545 fraudabitnrl
453 1489 557 1548 ideirco
569 1492 719 1562 virginibus
730 1492 831 1551 Christi
845 1504 872 1552 et
885 1496 971 1552 tirun-
1021 1493 1224 1565 expeditionum
1235 1491 1366 1558 millibus,
1377 1500 1406 1547 et
1417 1493 1536 1563 peditum
1551 1494 1646 1547 tnrntis
1657 1494 1815 1561 procedens.

176 1582 245 1637 culis
258 1579 387 1638 Ecclesiae
406 1590 499 1638 centra
516 1581 679 1639 borrendam
703 1585 836 1655 superbiat
857 1585 971 1645 bestiam
1020 1584 1099 1640 arido
1113 1581 1260 1640 Pharaonis
1270 1583 1390 1638 enercitn
1403 1581 1486 1637 flabri
1499 1581 1581 1637 torris
1590 1582 1741 1653 gurgitibus
1751 1582 1816 1638 sub·

175 1670 309 1740 simulque
323 1681 417 1726 contra
431 1669 481 1725 bas
493 1669 690 1729 virulentorum
704 1683 830 1745 septenas
843 1673 968 1732 uitiorum
1026 1690 1129 1741 ntersc,
1153 1682 1181 1730 et
1209 1671 1350 1745 profundis
1373 1673 1458 1744 pelagi
1481 1671 1582 1727 flustris
1605 1671 1751 1736 sudocatn,
1768 1687 1816 1738 per

177 1760 290 1826 ltelluns,
302 1775 362 1830 quae
374 1761 476 1819 rabidis
490 1763 639 1820 molaribus
649 1773 677 1821 et
688 1766 831 1821 venenosis
842 1767 968 1836 gingivis,
987 1749 1103 1837 Bquem
1118 1762 1304 1836 gastrimargia
1321 1760 1460 1832 flguratur,
1474 1771 1577 1828 seqttetn
1597 1774 1691 1833 gentes
1707 1761 1817 1818 Cttaua-

176 1850 292 1907 iaertnes
307 1866 428 1922 quosque
439 1867 471 1909 ac
482 1853 641 1924 uirginitatis
652 1854 736 1911 lorica
748 1857 878 1926 spoliatos
893 1857 971 1927 pudi·
1023 1871 1157 1920 naetrrnm,
1170 1870 1229 1924 qnae
1240 1863 1367 1924 septenos
1378 1853 1503 1907 uitiorum
1513 1866 1614 1908 cuneos
1626 1865 1672 1925 th
1681 1868 1712 1908 ee
1721 1854 1818 1908 nurm-

175 1939 300 2013 citiaeque
314 1956 403 2012 ptrma
419 1952 515 1999 erutos
529 1945 659 2000 atrociter
669 1944 825 2015 discerpere
839 1947 970 2015 nituntur,
1023 1949 1112 2016 beant,
1128 1949 1224 2003 crebra
1236 1943 1427 2001 internecionis
1437 1954 1527 2014 strage
1541 1946 1678 1998 antltronis
1690 1945 1748 1999 oeci
1760 1946 1819 1999 lau·

180 2033 320 2091 lacertosis
335 2036 436 2091 riribtts
449 2034 631 2091 dimicandum
643 2044 696 2104 est,
712 2044 741 2091 et
753 2037 829 2107 qnasi
842 2036 973 2095 adsersus
1022 2039 1099 2095 eibos
1113 2037 1239 2106 tradidit,
1264 2038 1418 2107 terrantqu‘e
1442 2035 1675 2106 repromissionis,
1699 2038 1818 2105 qtmodin

176 2123 358 2182 feracissimas
372 2125 549 2182 barbarorum
564 2126 692 2198 legiones,
708 2143 767 2199 qua
784 2128 972 2198 manipulatim
1024 2126 1148 2197 decalogi
1174 2128 1362 2183 narrationibus
1383 2141 1436 2182 noo
1459 2125 1656 2197 refragabatur,
1674 2127 1819 2183 doudecim

176 2219 295 2276 inunum
307 2218 408 2275 Christl
420 2219 584 2276 testudinem
602 2221 728 2278 strofosae
750 2221 851 2279 fraudis
875 2223 973 2279 balista
1024 2217 1158 2284 tribubus,
1172 2226 1247 2273 sorte
1262 2216 1390 2274 territorii
1405 2218 1551 2286 dirempta.
1564 2216 1680 2273 feliciter
1695 2219 1819 2283 itteolnit,

176 2324 289 2379 numme
303 2327 357 2368 noo
371 2320 490 2377 cessant,
503 2312 652 2383 spiritualis
665 2322 808 2370 armaturae
819 2315 932 2385 spiculis
945 2323 974 2372 et
1023 2311 1117 2382 sicque
1132 2322 1250 2382 paternae
1265 2309 1451 2382 generationis
1472 2310 1600 2380 prosapia
1622 2321 1774 2389 peraratas
1790 2318 1821 2366 et

178 2404 284 2460 ferratis
294 2404 423 2461 uirtutum
431 2404 571 2461 reuabnfis
582 2406 687 2462 oarfter
697 2407 855 2462 certandum
868 2403 971 2478 lidori,
1024 2401 1241 2460 tritarosluturac
1260 2401 1423 2472 posteritatis
1434 2400 1579 2470 nepotibus
1589 2411 1617 2458 et
1627 2400 1820 2472 pronepotibus

178 2493 336 2551 atmodum
347 2491 417 2568 ettl,
431 2508 464 2551 ac
477 2495 628 2552 nullatenus
642 2496 796 2553 timidorum
815 2512 891 2555 marre
904 2497 975 2554 mili·
1025 2493 1150 2565 legitimae
1171 2493 1334 2551 serenitatis
1350 2492 1412 2564 jare
1426 2503 1556 2564 perpetuu
1570 2493 1756 2565 possidendam
1771 2493 1821 2551 dc·

177 2590 235 2640 tnta
251 2583 389 2641 horrorem
412 2585 473 2640 belli
488 2596 515 2640 ct
535 2585 657 2642 classicae
679 2586 782 2658 salpita
803 2586 904 2662 [fiand.
920 2587 974 2644 sal·
1027 2585 1147 2657 reliquit.

82 2745 85 2749 ⁴
179 2671 269 2746 pista]
290 2674 458 2732 muliebriter
477 2675 664 2743 metuentium,
678 2678 835 2735 senissimis
849 2678 993 2737 nostibus·
1063 2675 1133 2733 xttt.
1147 2677 1196 2732 nu
1209 2689 1273 2731 rere
1282 2674 1305 2730 si
1317 2684 1414 2733 restrae
1428 2675 1580 2747 sagacitatis
1594 2671 1705 2747 perrtgtt
1716 2672 1819 2729 sollici·

180 2767 349 2837 scapularum
364 2775 440 2839 terga
459 2782 510 2840 pro
523 2779 661 2826 scutorum
674 2770 837 2826 umbonibus
856 2774 975 2843 segniter
1028 2767 1094 2823 tudo
1107 2766 1221 2822 solerter
1241 2781 1320 2823 treme
1342 2767 1477 2824 desiderat
1492 2776 1600 2837 quantae
1615 2768 1749 2835 logiemm
1764 2775 1820 2821 tar·

179 2857 361 2927 prebentem.
377 2856 447 2925 Quin
463 2857 551 2928 petius
564 2838 722 2915 cenobialis
745 2859 849 2917 militias
871 2862 975 2933 pugiles
1027 2874 1078 2914 mat
1101 2858 1235 2929 predictis
1264 2858 1442 2926 spiritualium
1466 2859 1645 2928 nequitiarum
1664 2855 1777 2912 ducibus
1791 2862 1822 2912 ct

180 2950 294 3003 frontem
310 2946 407 3004 resillo
421 2947 510 3004 crucis
522 2960 654 3005 armatam
668 2950 797 3007 audacter
814 2953 974 3009 emulorum
1027 2952 1104 3009 tetris
1128 2951 1299 3008 tenebrarum
1323 2948 1489 3020 principibus
1508 2950 1680 3015 famulentur,
1700 2957 1765 3017 quot
1779 2958 1822 3019 tg-

180 3037 331 3106 agntiolbns
342 3036 508 3106 offerentes,
524 3048 553 3095 et
565 3054 702 3096 aratorum
717 3040 896 3098 instrumenta
918 3043 975 3100 bef-
1028 3041 1130 3099 rattniei
1148 3041 1300 3097 militonum
1321 3040 1565 3110 commanipulares
1578 3039 1702 3095 buotaun
1716 3045 1822 3093 nature

180 3126 243 3194 lica,
258 3141 319 3198 qaas
341 3137 473 3198 pugnator
486 3130 609 3199 egregius
625 3142 780 3199 recuteret,
801 3132 852 3189 boc
866 3143 919 3199 est,
935 3104 1012 3191 dbc
1028 3135 1142 3191 nocituri
1156 3136 1364 3213 subsequantur,
1393 3143 1459 3204 quot
1472 3133 1669 3189 seelaatorum
1688 3131 1820 3187 satellites

181 3219 239 3277 rint
251 3217 404 3275 marturam
419 3217 496 3276 serbi
511 3229 538 3275 et
550 3219 660 3276 loricam
674 3221 736 3277 fldei
750 3222 974 3294 inextricabilem,
1027 3229 1061 3284 ad
1077 3227 1284 3297 impugnandam
1312 3234 1466 3281 nostrorum
1480 3226 1565 3282 acient
1580 3225 1724 3294 conspirati
1739 3234 1767 3279 et
1786 3224 1821 3279 fl·

184 3327 246 3373 ιιιιιι
260 3321 316 3368 tuta
333 3314 402 3384 pelta
414 3314 529 3386 protecti
543 3323 636 3371 contra
651 3316 829 3386 spiritualium
840 3321 976 3391 nequitia·
1028 3316 1072 3372 dei
1087 3315 1285 3388 propugnacula
1300 3315 1454 3372 subruenda
1469 3314 1655 3386 etauipulatim
1668 3315 1824 3384 cottgluroe·

182 3423 242 3465 rtttst
269 3408 343 3464 tttille
366 3407 482 3463 neccndi
507 3416 580 3464 srtcs
593 3409 768 3479 pertinaciter
793 3421 946 3480 pertenues,
960 3426 976 3467 a
1028 3419 1107 3477 rent;
1128 3419 1156 3464 ct
1167 3408 1303 3482 quomedo
1317 3408 1440 3479 ejusdem
1456 3407 1579 3464 trefandae
1593 3405 1696 3462 rnilitiar
1709 3414 1763 3461 tant
1776 3420 1825 3461 ca·

182 3497 290 3555 Gbrlsto
299 3507 500 3562 rentuoeratore
511 3507 604 3554 neruo
617 3498 739 3555 debitum
750 3501 871 3559 etruria
884 3501 977 3558 trium·
1028 3504 1116 3566 lenes,
1132 3511 1159 3557 et
1173 3501 1286 3558 clientes
1301 3515 1362 3556 cunr
1385 3500 1502 3556 litarem
1524 3499 1639 3554 coetiltus
1656 3496 1689 3552 ad
1710 3495 1823 3553 inferin-

183 3590 265 3661 pbtttu
281 3588 442 3660 percepturi,
457 3589 484 3644 ln
499 3591 623 3658 supernis
635 3589 745 3646 sedibus
759 3600 788 3647 et
798 3590 903 3648 caelesti
917 3591 976 3663 glo·
1028 3608 1085 3650 retu
1100 3594 1212 3666 gradum
1229 3591 1408 3663 pertinentes,
1422 3606 1504 3662 quam
1526 3598 1641 3661 canape
1651 3599 1679 3645 et
1694 3601 1823 3657 proceres

183 3684 223 3739 ris
233 3680 421 3752 gratulabundi
435 3680 550 3738 feliciter
563 3693 627 3738 tanc
638 3682 854 3754 tripudiabimus,
868 3685 892 3740 si
904 3699 976 3742 nnnc
1028 3685 1187 3757 flagitiosum
1209 3683 1261 3740 sibi
1272 3683 1429 3740 eernotdcnt
1438 3684 1577 3753 spirituum
1589 3682 1750 3736 tribunatum
1762 3679 1824 3735 titt·

182 3775 313 3831 atlrerstts
338 3771 503 3844 principatus
516 3772 665 3830 beriatltan
680 3784 708 3832 et
731 3785 878 3846 potestates
901 3786 979 3832 tene·
1029 3778 1159 3846 dicantes,
1175 3778 1258 3834 certis
1268 3776 1458 3833 vocabulorum
1472 3774 1679 3845 proprietatibus
1693 3773 1820 3829 nentina·

184 3867 292 3923 brarutn
307 3866 452 3936 mandique
466 3879 595 3933 rectores,
610 3883 662 3924 cett
685 3869 828 3926 bellatores
848 3869 976 3924 dominici
1030 3871 1078 3928 tiro
1094 3880 1295 3940 nuncupentur,
1320 3871 1366 3941 qui
1382 3868 1508 3940 profanos
1520 3866 1727 3937 allophylorum
1742 3880 1822 3921 eser·

184 3956 355 4026 pertinaciter
366 3955 546 4026 pertinacibus
556 3967 746 4029 repugnantes,
758 3957 881 4015 infronte
891 3959 975 4015 duelli
1029 3972 1099 4018 cuns
1114 3960 1141 4017 io
1157 3959 1287 4017 centuriis
1300 3969 1329 4017 et
1342 3958 1458 4015 millibus
1474 3961 1618 4014 attrectant
1644 3956 1777 4012 israelitas
1791 3955 1819 4010 in

185 4052 290 4108 fortiter
304 4049 475 4124 dimicemus.
1030 4053 1131 4110 uertice
1145 4053 1245 4106 ntoutis
1258 4051 1367 4107 Gelbnae
1378 4050 1554 4116 conglobatos
1568 4047 1700 4103 instanter
1713 4046 1825 4102 bortatt·

221 4142 279 4200 xtt.
292 4143 426 4210 Primitns,
442 4152 471 4199 nt
486 4143 557 4208 disi,
572 4143 760 4214 principalium
775 4141 819 4199 bis
829 4151 978 4213 qttatcrnos
1031 4154 1072 4201 tur
1085 4145 1120 4199 ad
1144 4143 1256 4208 bellust,
1269 4141 1294 4194 id
1311 4150 1365 4206 est,
1383 4139 1531 4195 istricorum
1546 4138 1680 4195 hormisda
1699 4139 1825 4195 ritiartnn

184 4235 310 4293 ritiarum
323 4237 423 4305 duces,
435 4236 538 4306 qttibtts
550 4234 660 4291 Cerctlti
672 4235 816 4290 criminatu
830 4245 859 4290 et
875 4233 978 4290 l’eletltl
1030 4236 1151 4309 agmina,
1163 4247 1224 4305 quc
1238 4239 1332 4287 centn
1343 4230 1504 4285 catltolicant
1515 4227 1646 4285 nocete
1657 4228 1826 4299 presentant,

191 4326 341 4384 steinalum
357 4343 421 4384 cam
445 4328 581 4384 tumendo
593 4328 656 4382 belli
671 4336 802 4396 tunam·
822 4326 980 4395 taracinen-
1030 4345 1092 4387 curn
1106 4326 1221 4384 ducibus
1234 4325 1285 4381 sibi
1304 4324 1442 4392 ,praelatis
1465 4322 1599 4392 gregatim
1620 4322 1744 4392 ittgruers
1763 4338 1827 4378 ure·

185 4429 241 4488 tur,
262 4418 355 4477 dirior
377 4421 438 4477 freti
460 4418 598 4490 androgio,
620 4419 730 4474 riscere
753 4418 918 4486 laboremus,
933 4418 979 4490 qui
1033 4425 1146 4488 liuntur,
1166 4418 1359 4488 venenatisque
1384 4415 1551 4486 piaculorum
1576 4412 1698 4482 spiculis,
1722 4421 1750 4466 et
1767 4412 1828 4467 dira

186 4520 281 4569 contra
294 4511 411 4568 tirottsto
430 4507 534 4567 ebriati
552 4515 716 4566 catermstn
737 4508 881 4566 bellicosas
895 4508 980 4580 virgi·
1034 4512 1182 4570 metrmmm
1198 4509 1309 4574 trames,
1335 4523 1388 4563 narn
1403 4507 1492 4563 solum
1506 4519 1604 4575 segnes
1627 4503 1762 4567 sanciant,
1781 4518 1832 4559 re-

186 4601 978 4663 nttnteubortestrttculentisioimlcurarnesembibtttcnnt
1034 4619 1094 4660 rum
1124 4599 1254 4657 emeritos
1278 4597 1378 4656 ebriati
1410 4596 1510 4653 milites
1534 4594 1670 4650 interdurn
1693 4592 1832 4650 rituleuto

185 4699 327 4757 innntcrs
341 4696 514 4767 urmmram
532 4692 710 4766 pltalarioaet
727 4693 821 4749 densis
842 4694 981 4766 deceptio·
1033 4693 1167 4749 rastitatis
1178 4689 1290 4747 vulnere
1316 4683 1575 4760 letbaliterllicdl..
1588 4693 1616 4741 et
1634 4681 1727 4740 lethali
1746 4680 1833 4755 tora}

186 4804 250 4846 nom
262 4787 323 4847 telis
337 4787 543 4859 infatigabiliter
553 4795 656 4843 certare
667 4800 720 4842 ttan
730 4793 848 4854 curarat,
860 4787 983 4858 quamvls
1034 4793 1220 4858 prosternant,
1247 4789 1277 4838 nt
1300 4796 1354 4836 auo
1374 4778 1511 4835 itnmerito
1528 4772 1719 4834 tntsttsetuttn
1731 4772 1831 4839 barid,

186 4896 278 4955 sape,
305 4881 483 4952 mutuatam
504 4876 615 4935 cbristo
643 4887 791 4948 praestante
819 4891 983 4950 merumque
1034 4873 1209 4949 qutt[ttrtt.‚
1222 4870 1397 4944 quilestllus
1411 4867 1665 4940 uirgultlderadiea
1683 4862 1764 4921 lasse
1783 4861 1833 4919 dc·

187 4971 332 5045 phalanges
345 4973 459 5029 militent
473 4985 534 5028 cunt
550 4969 750 5042 predestinata
764 4970 852 5041 palma
862 4970 983 5026 statoria
1037 4969 1181 5030 trendens,
1198 4964 1305 5035 populis
1320 4961 1450 5017 Ecclesia
1464 4961 1592 5017 tiliorum
1602 4967 1693 5029 “W
1705 4968 1830 5013 owart·

187 5062 357 5128 mente,
369 5068 484 5137 turpiter
493 5075 567 5139 terga
581 5064 685 5137 fugacia
700 5073 816 5121 rertant.
829 5063 895 5132 seu,
914 5065 982 5136 prela
1038 5061 1087 5115 tim
1100 5054 1272 5119 radentibus,
1286 5067 1397 5108 tuanen
1413 5051 1526 5109 funebre
1540 5058 1568 5106 et
1579 5047 1716 5106 cantictun
1729 5046 1832 5101 lanen-

187 5151 279 5209 dnlarl
291 5165 345 5206 non
360 5164 402 5208 eat
417 5163 473 5209 tnta
488 5154 606 5227 indepta
620 5156 694 5227 pacis
707 5155 882 5226 prosperitas,
896 5170 984 5226 aerque
1037 5152 1130 5216 tabile,
1141 5149 1212 5217 eund
1224 5143 1406 5216 epitlrrenion,
1419 5141 1612 5213 etepitspbion
1625 5147 1747 5202 roman,
1757 5149 1832 5191 eam·

187 5241 382 5316 acqttlsitorntu
405 5246 711 5316 recreatriunrpburuta
726 5246 857 5315 felicitas,
876 5259 924 5303 ast
938 5248 983 5305 itt·
1037 5236 1435 5316 patientisaffectufugubrt‘ter
1456 5242 1622 5305 compenat;
1637 5233 1696 5286 baec
1710 5229 1834 5298 aequant,

189 5336 305 5395 desibile
327 5346 357 5394 ct
378 5333 536 5391 ninurnum
560 5335 678 5393 fallentis
697 5337 814 5396 fortune
836 5349 979 5409 trepunm.
1036 5337 1059 5390 si
1072 5330 1285 5389 restracuricsae
1296 5325 1488 5384 sollicitudinis
1501 5325 1611 5381 solertis
1623 5321 1729 5393 plenius
1744 5316 1835 5375 anian·

188 5430 255 5489 Nato
270 5429 364 5487 buttes
376 5426 423 5501 qai
437 5425 602 5499 putabantur
616 5441 702 5499 usqne
712 5429 747 5484 ad
768 5430 980 5489 teneraetenerae
1036 5423 1143 5483 adrerti
1157 5420 1293 5488 maluerit,
1309 5432 1363 5473 oen
1378 5417 1458 5473 modo
1481 5429 1497 5471 ι
1518 5412 1679 5472 saltationes
1693 5411 1803 5467 Patrona
1816 5424 1837 5463 a

189 5535 324 5589 asumma,
336 5531 427 5594 strage
438 5517 549 5577 truciter
568 5516 732 5586 obtruncati,
747 5528 774 5576 et
788 5522 891 5592 optatis
900 5535 982 5577 ereo·
1035 5515 1166 5572 Gassboo
1182 5508 1356 5568 boemiensis
1370 5508 1507 5577 parocbia
1523 5502 1734 5562 arcltimamlrita
1748 5514 1834 5573 pecu·

190 5612 568 5673 tuumsaecassteesfeltrtter
581 5609 982 5683 superati,dcnnorersarier,
1038 5609 1140 5668 liariter
1153 5603 1270 5688 dictsndi
1292 5602 1416 5661 facundia
1440 5601 1555 5674 predita
1578 5600 1690 5671 digesta
1709 5603 1835 5666 patenter

191 5703 307 5765 alatores
327 5707 361 5763 ad
383 5708 564 5783 importunum
586 5703 706 5779 pralium
728 5714 887 5777 proterant,
906 5718 980 5763 artata
1026 5698 1226 5781 propalabunt,
1250 5710 1345 5781 ternttt
1364 5697 1451 5771 *ubre
1466 5693 1614 5764 Gregorius
1633 5690 1710 5749 seclis
1724 5700 1832 5759 aposto·
