3810 6114
148 335 198 389 tit
758 336 788 394 S.
808 334 1007 396 caedentes
1025 338 1113 397 9de
1133 341 1166 398 ΙΙ.
1718 346 1773 404 tt!

146 443 316 514 qomipluria
340 444 366 498 in
393 443 451 499 lece
474 444 589 513 quedam
618 446 719 502 ecoelo
747 447 829 502 missa
853 457 926 505 sont.
941 456 964 514 Α
979 449 1004 503 io
1021 452 1221 519 patrisrebioie
1238 456 1345 511 nomine
1374 457 1443 512 beati
1468 456 1536 513 Petri
1560 459 1675 527 apostoli
1697 461 1711 496 ¹
1733 461 1776 519 dt·

149 532 223 587 'llic
235 532 456 603 quadragesimali
477 541 607 603 tempore,
626 543 656 590 ut
674 536 699 589 in
712 535 803 605 quiriti
829 537 894 593 ieris
917 539 925 570 ¹
977 540 1062 595 versis
1084 550 1207 597 croatam
1228 544 1342 600 metallis
1365 560 1380 599 a
1404 562 1475 601 noro
1494 546 1625 615 ‘reiecit
1642 556 1654 588 ¹
1673 558 1701 605 et
1721 552 1776 605 elr-

142 624 373 698 §clamemusque
384 625 526 681 pristmum
539 626 680 682 celebritas
695 627 781 693 lieret,
797 628 823 683 in
837 629 928 687 Eccle-
978 644 1147 703 cumqnaqtre
1159 635 1252 690 altaris
1267 637 1380 705 parietes
1394 639 1588 709 deargentavit,
1600 656 1635 695 sc
1647 641 1775 710 depinxit

143 716 201 784 siis,
217 715 287 787 quod
300 729 351 771 ooo
365 715 503 786 agebatur,
519 715 644 772 instituit.
672 716 822 771 oratorium
840 718 929 775 ¹saoe
979 722 1120 779 duodecim
1135 727 1282 795 apostolos,
1298 727 1345 798 qui
1359 743 1435 799 pens.
1457 731 1537 786 libras
1552 740 1662 789 scotum
1681 741 1710 789 et
1727 747 1763 791 cs

751 808 946 869 latitantes
967 813 1167 872 becttoaes.

179 909 186 937 ¹
210 906 236 960 ln
250 908 284 962 al.
298 908 429 978 jejunium
442 914 517 977 atque
530 905 638 960 desunt.
1019 906 1030 938 ⁸
1049 908 1115 963 Cori.
1131 908 1208 970 Luc..
1223 911 1292 980 [ecit.

178 979 188 1007 ¹
209 978 264 1043 al„
280 977 400 1031 vacuare.
1018 977 1029 1008 ⁸
1047 978 1074 1032 lu
1089 980 1124 1033 al.
1140 988 1164 1033 ιι
1185 981 1417 1052 circumquaque...
1433 982 1491 1038 illis
1508 985 1616 1042 destttd.

178 1046 189 1077 ⁸
209 1048 262 1112 nl..
279 1047 444 1117 diversisque.

797 1113 977 1172 lablobdlt
997 1116 1110 1174 NOTAE.

142 1208 254 1273 piurima
270 1207 366 1262 airoiiia
379 1206 510 1272 exempla,
532 1214 560 1261 et
574 1218 723 1274 pannorum
738 1218 927 1274 supercorpus
978 1206 1069 1260 bamili
1085 1207 1191 1264 nomiae
1204 1208 1287 1265 latere
1309 1210 1392 1263 roloit
1405 1208 1583 1283 llicrologus.
1600 1212 1655 1268 illis
1667 1214 1774 1273 addens

143 1280 211 1332 beati
238 1278 307 1333 l‘ctii
332 1277 478 1340 illatorum,
502 1284 530 1330 et
553 1276 638 1330 claris
662 1276 695 1329 de
710 1287 823 1343 corpore
838 1277 924 1329 saneti
979 1276 1134 1378 qd'apitebll)
1146 1296 1152 1330 :
1165 1276 1527 1336 liacimerailoorinieclibas
1540 1282 1688 1354 lieouqaliis
1700 1286 1774 1356 {ads

143 1348 214 1402 l'etri
229 1348 336 1412 ablata,
350 1346 426 1470 effus
438 1360 491 1399 uon
512 1360 563 1400 aaa
577 1345 677 1399 mentio
692 1347 717 1399 in
734 1344 854 1414 plurilms
868 1346 926 1413 cpi·
979 1368 996 1401 a
1010 1348 1093 1399 adbuc
1103 1349 1220 1417 ascriptae
1234 1352 1406 1419 reperiuntur.
1416 1349 1566 1406 cardinalis
1580 1354 1651 1408 bena
1662 1354 1772 1422 (lim

142 1419 219 1471 solis
231 1416 351 1486 Gregorii
393 1415 463 1485 agui,
487 1415 651 1481 principibus
665 1416 728 1470 riris
749 1415 923 1481 transmisere,
978 1416 1065 1485 liturq.
1082 1417 1126 1470 lib.
1139 1435 1178 1489 p.‚
1192 1435 1249 1486 cap.
1263 1419 1306 1475 ld.
1323 1437 1394 1474 rurum.
1411 1419 1458 1482 ter
1473 1422 1509 1475 ita
1523 1423 1694 1479 anastasium
1708 1441 1772 1483 coar

142 1497 168 1540 et
179 1486 292 1541 clarium
305 1501 456 1551 terrestrum,
471 1486 505 1540 de
518 1485 614 1552 quibos
628 1485 773 1550 Gregorius
786 1485 925 1539 'luroncn-
977 1486 1110 1542 Strabone
1123 1489 1261 1543 conciliat.
1274 1489 1333 1544 l'uit
1352 1491 1503 1558 signilieare
1514 1492 1684 1549 eormredum
1699 1496 1772 1551 nullo

143 1559 189 1620 sid.
218 1557 264 1610 lib.
293 1557 349 1611 rde
371 1555 460 1609 Gloria
488 1565 632 1626 martyrum
651 1555 762 1619 triciti,
787 1554 925 1624 ioqtrit‚el
977 1555 1347 1613 ltonoreleriamibalritam
1369 1561 1561 1624 discederes
1584 1563 1730 1635 Gregorius
1747 1566 1769 1623 ΙΙ

141 1628 224 1681 clares
238 1643 329 1681 aureas
353 1626 386 1679 ad
402 1628 558 1680 retinendos
573 1626 698 1679 caucellos
724 1627 790 1679 beati
814 1625 925 1694 seprrlcri
979 1627 1071 1681 starrrit
1087 1636 1115 1680 ut
1126 1628 1365 1697 iulittadragcsima
1374 1629 1504 1699 ieiunium
1517 1641 1545 1685 et
1558 1634 1650 1695 missa.
1662 1633 1772 1691 sicutlt

141 1698 250 1765 sariunt,
275 1698 319 1779 qui
332 1700 439 1764 (erentes
462 1712 510 1763 pro
534 1696 706 1748 bencdictione
733 1696 828 1761 priores
854 1697 924 1748 occi·
978 1694 1005 1748 in
1022 1696 1082 1750 ali3s
1100 1698 1170 1751 leriis
1190 1698 1325 1766 legitimis,
1341 1702 1485 1754 coleretur.
1509 1701 1767 1774 stramoniam,

141 1767 226 1831 piant,
241 1765 331 1837 quadus
346 1766 490 1834 infirmitati
505 1764 682 1820 tribulatorum
700 1767 842 1820 credentur.
858 1765 925 1819 liat-
942 1769 965 1830 Β
978 1775 1055 1819 extra
1069 1766 1303 1832 Quadragesimam
1314 1769 1359 1823 diu
1372 1771 1501 1825 mansisse
1508 1772 1600 1826 leriam
1612 1770 1699 1828 isiae
1710 1788 1770 1842 pre·

141 1852 226 1891 arans.
979 1835 1036 1900 prio
1061 1844 1089 1890 et
1111 1838 1223 1892 solemni
1244 1839 1347 1906 allicio,
1363 1852 1390 1894 ct
1411 1840 1433 1893 si
1456 1842 1514 1910 qais
1536 1843 1662 1908 privatim
1676 1845 1768 1901 eadent

176 1905 204 1961 i.
216 1904 414 1960 Direetistribor
425 1906 548 1976 sporrqiis.
562 1905 692 1975 licecqotc
702 1905 735 1960 de
749 1905 865 1975 spongiis
882 1904 928 1960 lra-
979 1903 1046 1959 leria
1070 1907 1220 1961 sacrificare
1249 1909 1395 1974 scililcet,
1425 1911 1598 1974 precedentis
1622 1910 1769 1969 bominicae

142 1977 185 2030 laet
207 1984 308 2041 tracter,
333 1976 427 2031 Patrius
455 1977 631 2042 preernristt.
653 1976 827 2043 spongiarum
857 1977 926 2042 apud
978 1976 1057 2029 rrrirsa
1074 1976 1204 2031 utebatur.
1220 1978 1268 2033 Cui
1285 1989 1373 2033 autem
1394 1980 1463 2034 ratio
1476 1994 1491 2033 a
1505 1981 1640 2037 Strabone
1655 1982 1768 2041 redorta

142 2056 247 2101 veteres
271 2060 334 2099 ursus
356 2046 504 2101 commuuis
520 2045 578 2099 luit.
601 2045 763 2111 Frequenter
777 2046 802 2098 in
828 2047 928 2101 coensis
978 2046 1066 2099 minus
1080 2048 1209 2111 arriserit,
1226 2058 1361 2102 vacantem
1375 2050 1618 2106 seilicctdimissam
1632 2050 1716 2108 ittisse
1728 2052 1768 2111 ia·

141 2116 276 2183 adbibitm,
293 2117 346 2169 imo
368 2124 395 2170 et
413 2118 439 2169 in
454 2112 536 2169 saeris
552 2122 694 2185 scarapsus,
710 2124 738 2170 et
759 2116 791 2167 ad
813 2115 926 2171 nitorem
977 2116 1043 2168 riam
1055 2114 1098 2171 lia
1112 2127 1205 2172 sancto
1217 2119 1343 2187 Gregorio
1358 2118 1366 2171 Ι
1382 2121 1591 2187 indispositione
1605 2122 1766 2192 ciliciorum,

139 2186 246 2252 quidem
272 2185 438 2240 luminarium
457 2193 519 2237 autc
542 2186 625 2239 altare
647 2184 826 2249 existentium,
850 2194 928 2254 prout
977 2186 1047 2247 quod
1064 2188 1158 2254 pagani
1174 2189 1214 2243 itis
1233 2189 1327 2243 diebos
1344 2191 1419 2259 quasi
1438 2190 1537 2259 jejunia
1562 2192 1769 2257 frequentabant

140 2266 228 2310 certos
243 2270 291 2310 nos
305 2255 402 2309 lacbmr
416 2269 474 2323 quac
489 2253 555 2309 inira
568 2255 594 2308 io
607 2254 725 2310 Pascbali
736 2263 871 2311 uniantur.
882 2256 926 2311 Si·
979 2253 1140 2325 (quanquam
1149 2257 1208 2325 ejus
1218 2259 1329 2315 assertio
1336 2273 1369 2314 cx
1382 2273 1482 2315 marrire
1500 2261 1531 2315 td
1543 2262 1652 2317 concilii
1663 2260 1766 2317 Narbo-

139 2328 246 2393 quidem
266 2326 464 2396 reponebantur
484 2326 509 2378 iu
527 2326 597 2379 vasis
610 2327 742 2394 argenteis
757 2341 816 2394 qua
834 2325 926 2380 altaris
977 2327 1085 2391 retusis,
1111 2342 1182 2381 antro
1206 2327 1275 2393 589,
1300 2338 1386 2396 potest
1410 2331 1578 2395 confirmari,
1600 2332 1647 2385 ulti
1675 2342 1769 2389 cantra

139 2394 493 2459 servitioerarrtdcstinato·;
505 2395 925 2465 legimoseoimqtucruadmodoro
977 2397 1118 2463 quosdam,
1134 2398 1178 2465 qui
1203 2400 1386 2468 superstitiose
1408 2399 1490 2464 diem,
1505 2400 1549 2468 qui
1567 2400 1668 2455 dicitur
1681 2401 1766 2467 loris.

138 2480 154 2520 a
169 2466 284 2534 paselraii
297 2464 413 2519 dedicata
438 2464 517 2520 lut-tit
534 2465 628 2519 cerrcbu
643 2467 677 2518 ad
689 2467 821 2537 spongiam
836 2467 927 2535 (repas-
976 2467 1154 2529 celebrabam.
1169 2468 1329 2533 decernitur,
1348 2470 1398 2523 nisi
1419 2471 1546 2525 festivitas
1569 2471 1659 2535 aliqua
1674 2486 1769 2527 eccur-

138 2536 275 2606 neodem),
290 2551 336 2601 pro
350 2536 479 2589 rrorteruis
502 2536 639 2603 diligentiis
658 2535 751 2589 ibidem
770 2551 803 2590 ea
822 2547 927 2608 arqeuts
976 2534 1021 2598 rit,
1033 2536 1103 2591 diem
1113 2538 1181 2592 lraoc
1192 2540 1265 2593 nullo
1278 2538 1528 2605 rilureligiosocssc
1543 2541 1768 2613 transigendam),

138 2607 279 2662 coustituit.
295 2606 423 2676 spongias
434 2604 584 2674 huiusmodi
598 2608 691 2660 nrissas
704 2621 776 2671 reor,
791 2605 851 2676 qaia
865 2605 926 2662 oleo
976 2601 999 2658 is
1020 2604 1091 2675 legat
1107 2608 1131 2660 io
1148 2608 1302 2676 prelatione
1315 2608 1374 2662 libri
1398 2611 1650 2673 Sacramcotorom.
1665 2610 1731 2667 editi
1750 2626 1768 2669 s

139 2676 255 2745 perlusae
269 2676 339 2746 qrted
356 2674 499 2745 llartgrom
514 2677 644 2745 sepulcris
658 2675 831 2732 inserviebat.
849 2679 926 2732 tira-
976 2673 1094 2731 l'amelio
1112 2677 1204 2749 (Temo
1217 2678 1248 2733 li
1273 2678 1423 2751 diiunge).
1446 2679 1613 2736 Grimoldum
1628 2680 1767 2749 abbaten,

136 2762 221 2802 cinus.
975 2745 1019 2812 qui
1035 2746 1114 2813 louge
1134 2750 1275 2803 clariorem
1296 2752 1413 2818 assignat
1427 2764 1547 2814 mursam
1561 2751 1596 2804 ob
1616 2766 1698 2817 quarn
1716 2752 1768 2808 sii·

173 2827 188 2855 ⁸
207 2815 259 2871 llic
279 2816 495 2890 quadragesimali
518 2825 683 2885 corriperent
702 2817 729 2870 irs
751 2818 840 2887 quiuis
859 2817 925 2885 letio
974 2825 1039 2882 qtrct
1058 2815 1116 2871 dies
1140 2818 1166 2872 iu
1188 2816 1402 2873 sacramentario
1425 2822 1510 2874 ssocti
1532 2819 1656 2891 Gregorii
1677 2821 1767 2893 stagni

134 2889 262 2958 jejunium
275 2896 350 2957 atque
372 2889 506 2941 ruirsoruru
523 2889 653 2941 celebritas
665 2888 735 2952 fieret
750 2890 777 2941 irs
790 2887 922 2953 decuriis,
975 2896 1068 2941 carent
1091 2886 1191 2943 olltcio.
1216 2887 1290 2943 Sicut
1313 2891 1481 2957 quorumdam
1509 2890 1592 2944 relatu
1610 2891 1767 2957 didicitrlss.

136 2960 205 3022 qnod
218 2973 268 3012 nau
281 2958 414 3030 agebatur,
430 2958 548 3011 instituit.
564 2958 650 3012 iitiaru
673 2957 699 3011 ia
721 2959 924 3040 quadragesime
975 2953 1104 3010 Grimoldi
1126 2958 1206 3013 uerba
1228 2967 1303 3023 suot,
1319 2960 1426 3013 donrrrus
1446 2962 1601 3028 apostolicus
1619 2962 1647 3014 in
1668 2960 1767 3017 eisde-

134 3029 266 3099 jejooinm
294 3029 363 3084 solri
386 3038 542 3096 perpetuom
566 3030 600 3081 ab
626 3029 755 3095 apostolis
774 3030 923 3084 institutum
975 3024 1062 3081 diebus
1075 3028 1252 3083 assationibus
1267 3030 1365 3096 pertitus
1378 3037 1461 3091 oracul,
1473 3045 1502 3083 eo
1515 3033 1583 3098 quod
1596 3031 1697 3086 ceteris
1709 3047 1770 3103 rep·

137 3100 186 3153 luit
206 3100 232 3154 in
248 3100 360 3169 gratiam
385 3098 527 3152 dominicae
551 3097 774 3153 lla-surrectionis.
797 3098 920 3167 (drogon,
935 3114 959 3177 c
974 3096 1078 3151 siurone
1091 3100 1162 3167 feriis
1174 3098 1323 3153 stationibus
1341 3101 1599 3169 secundoprimum,
1614 3100 1712 3155 eisdem
1725 3118 1768 3159 rs·

135 3171 163 3226 in
179 3170 278 3240 evang.
295 3170 388 3224 bound.
402 3169 435 3223 ΙΙΙ
452 3186 459 3222 :
483 3170 604 3233 Quaeritis
617 3185 676 3240 erqo
696 3170 728 3222 de
743 3169 922 3241 Quadrupesi-
973 3167 1078 3233 quiescit
1092 3170 1189 3233 diebus,
1205 3166 1237 3223 ob
1250 3170 1276 3222 id
1290 3171 1394 3235 scilieet,
1405 3181 1432 3223 ut
1444 3170 1642 3225 tumultuatione
1655 3170 1768 3243 popule·

137 3240 200 3294 moii
214 3248 326 3307 tempore
338 3250 374 3296 est
394 3239 563 3293 currentius
578 3241 645 3310 qaod
661 3241 739 3309 possit
759 3240 885 3309 intelligi:
906 3256 923 3294 ιι
973 3251 1031 3289 rum
1044 3253 1144 3303 careat,
1160 3248 1183 3292 a
1199 3241 1369 3310 eleemosynas
1384 3240 1537 3309 pauperibus
1557 3240 1722 3308 distribuere,
1741 3250 1771 3297 et

136 3310 255 3378 presenti
268 3312 360 3364 etenim
382 3310 424 3362 die
443 3325 521 3378 nsque
544 3310 578 3363 ad
601 3309 734 3363 Pareirolis
755 3311 924 3365 solemnitatis
973 3308 1075 3376 braviis
1088 3309 1212 3363 exteriora
1224 3310 1326 3363 liberius
1340 3310 1421 3363 osteor
1441 3311 1586 3376 disponere.
1600 3310 1768 3377 Comprobat

136 3381 233 3449 gaudia
249 3395 295 3433 ses
309 3380 475 3435 hebdomade
488 3381 606 3441 aenium,
621 3396 728 3445 quarttttt
743 3380 858 3433 uidelicet
868 3382 923 3435 dies
973 3375 1073 3431 dictum
1090 3377 1217 3433 Grlrooldi
1230 3380 1297 3435 liber
1311 3381 1545 3437 sacramentorum
1559 3386 1642 3435 satteti
1658 3380 1769 3449 Grego-

135 3451 307 3521 quodraqintu
320 3450 373 3504 duo
392 3452 467 3519 liutet,
485 3452 616 3520 exquibus
628 3452 689 3505 deaut
703 3466 749 3504 sex
761 3451 816 3505 dies
832 3449 922 3506 Denti-
973 3447 1004 3500 rii
1018 3447 1087 3514 apud
1101 3449 1224 3503 eumdem
1238 3449 1395 3514 Parnelitun,
1418 3451 1444 3505 in
1459 3465 1520 3519 qtae,
1542 3449 1586 3505 ubi
1600 3450 1684 3519 ntiqui
1699 3452 1762 3507 dics

135 3523 186 3574 uici
200 3521 358 3575 abstiueruioe
379 3521 575 3583 subtrabuntur.
592 3538 642 3575 rrou
655 3520 713 3591 plus
727 3520 752 3572 iu
772 3521 924 3576 abstinentia
974 3528 1154 3584 praenotantur
1170 3534 1277 3585 vacare.
1294 3520 1470 3590 sulq'iciuotur
1483 3523 1540 3575 bace
1550 3519 1648 3575 rerba:
1667 3518 1766 3574 Deuri-

135 3607 211 3656 quanr
224 3592 331 3662 triginta
341 3606 386 3646 sea
399 3591 452 3645 dies
462 3604 603 3646 raruraeru.
619 3591 718 3646 Praeter
731 3591 789 3645 dics
802 3588 923 3646 llorninl.
974 3601 1021 3641 uus
1032 3604 1099 3655 popa
1112 3590 1296 3660 eleearosqnaos
1311 3591 1366 3643 dat.
1382 3588 1654 3658 Glaristianttsbupus‚
1671 3590 1700 3643 itr
1711 3604 1766 3645 oe·

134 3676 181 3717 cos
207 3661 287 3716 etiarn
312 3663 375 3716 leuia
398 3663 489 3729 quitus
513 3664 547 3717 de
570 3662 761 3716 consuetudine
782 3676 796 3713 a
819 3661 923 3731 jejunio
974 3658 1007 3711 tis
1022 3658 1183 3714 adesooncs
1197 3660 1338 3713 Trulionos
1352 3659 1766 3728 (Combilputsterrarestrs-

134 3733 350 3801 tlrtadragcsimar
363 3732 489 3787 immunis
514 3745 587 3795 erat:
608 3732 655 3785 sed
676 3731 820 3801 Gregorius
833 3730 923 3797 jrrrrior
973 3726 1082 3796 bouem,
1095 3730 1158 3782 dom
1171 3729 1204 3784 de
1215 3738 1307 3784 sancto
1319 3730 1465 3797 Gregoriol
1480 3733 1527 3795 ait.
1543 3731 1569 3785 in
1583 3730 1765 3798 dispositione

134 3804 250 3858 restituit
264 3802 393 3872 'ejrrniom
403 3804 482 3858 etiam
492 3804 517 3858 in
531 3805 596 3858 lcr'a
611 3805 713 3870 orsitus,
727 3813 753 3856 et
768 3803 921 3868 missarum,
972 3797 1120 3854 ciliciorum
1135 3798 1229 3853 leriam
1251 3800 1269 3853 5
1288 3800 1355 3856 inira
1369 3801 1606 3870 Quadrageslmsm
1620 3810 1765 3857 vacantem

134 3875 161 3928 id
176 3884 228 3941 cst,
243 3818 402 3939 ciliciorum,
412 3875 606 3929 solemnitatem
618 3888 665 3943 per
674 3872 920 3942 eradragesimam.
972 3867 1123 3931 dimisisse,
1138 3871 1274 3939 sensitque
1288 3871 1412 3926 omnibus
1426 3872 1643 3939 Quadragesimse
1654 3872 1763 3938 diebus,

134 3945 224 4001 'lestis
237 3953 278 3999 est
293 3946 431 4009 Anactes,
448 3945 501 4009 bic,
527 3955 556 4000 ct
576 3944 725 4014 llicrolog.‚
752 3943 787 3997 dc
815 3944 920 3998 Ecclcs.
973 3949 1069 4006 praeter
1080 3939 1173 3994 leriam
1190 3951 1292 3994 sertam
1309 3941 1470 3995 parasceves
1491 3950 1519 3994 ct
1531 3940 1680 3995 sabbatum
1701 3956 1764 3997 sao·

134 4016 205 4077 obs..
221 4030 279 4082 cap.
291 4015 336 4069 5lt.
350 4015 520 4070 necassent,
971 4019 1056 4077 etuas,
1078 4011 1197 4064 Latinam
1223 4011 1366 4067 Ecclesiam
1383 4011 1529 4080 plenarium
1545 4011 1635 4064 utissce
1660 4011 1763 4065 sacritl·

171 4084 221 4138 llic
235 4082 454 4153 Qucdroqcsimcli
465 4094 592 4153 tempore,
605 4096 632 4137 ut
645 4086 671 4138 iu
685 4086 750 4153 [erio
763 4084 780 4138 5
791 4084 921 4155 jejunium
971 4080 1041 4134 cium
1063 4082 1206 4149 peregisse.
1222 4082 1262 4137 dd
1277 4096 1351 4135 suam
1365 4083 1524 4137 senteutiam
1549 4082 1762 4135 ccullrmsrtdsua

133 4164 209 4226 alqtoe
221 4156 355 4208 missurum
374 4154 503 4207 celebriter
517 4156 587 4222 {ieret
601 4156 628 4208 iar
644 4154 774 4220 licrlrsiis‚
789 4154 856 4219 quod
870 4170 921 4208 con
971 4148 1025 4202 ‹ltro
1039 4152 1146 4206 arlrlucit
1165 4163 1258 4205 auctor
1281 4153 1457 4207 clarissimus.
1475 4151 1593 4206 l’rirntrnr
1617 4160 1660 4205 est
1681 4158 1763 4220 caput

133 4226 256 4295 aqclratur
269 4224 388 4277 innituit.
409 4223 475 4289 Quae
489 4223 635 4279 llallridos
657 4223 763 4285 strabo.
778 4226 920 4299 misma-rog
970 4230 1093 4288 peractum
1104 4221 1223 4289 epistolae
1238 4221 1384 4276 lorurceutii
1400 4221 1408 4274 Ι
1424 4221 1457 4276 ad
1472 4221 1629 4276 Decentium
1647 4220 1762 4291 ergoet·

134 4294 285 4357 anastasio,
298 4293 456 4363 relertllib.
468 4296 500 4348 de
512 4294 574 4349 lleb.
588 4298 690 4359 creles„
701 4308 759 4362 cap.
772 4292 846 4363 litt),
859 4293 919 4349 ltulc
972 4303 1050 4356 trram,
1075 4293 1101 4345 ia
1121 4306 1174 4362 quo
1188 4291 1304 4346 dicitur:
1320 4291 1436 4345 Traditio
1459 4290 1582 4347 liceretur
1605 4292 1694 4356 babet,
1712 4292 1761 4345 ists

133 4363 268 4419 Anastasii
283 4364 341 4415 loco
354 4364 439 4418 breem
454 4364 550 4419 allcrre
566 4376 686 4429 possunt,
698 4365 760 4418 licet
774 4363 860 4432 aliqua
877 4378 919 4417 ra·
971 4356 1047 4414 biduo
1060 4371 1216 4415 sacramento
1230 4360 1350 4417 Ecclesiae
1372 4364 1470 4429 pertitus
1493 4378 1544 4415 rrerr
1557 4361 1694 4417 celebrari.
1707 4358 1760 4417 Sed

135 4437 206 4488 tione
227 4432 350 4486 ridentur
364 4438 434 4488 iuter
451 4446 481 4488 se
503 4435 669 4498 conditerem:
686 4450 745 4488 uam
761 4432 916 4488 Anastasius
929 4466 955 4526 D
970 4444 1004 4483 cx
1018 4432 1067 4485 lroe
1079 4431 1138 4485 loco
1153 4432 1298 4487 iunocentii
1312 4433 1375 4501 qod
1389 4432 1484 4486 cottllci
1499 4434 1585 4499 possit
1598 4447 1654 4487 oon
1667 4432 1759 4497 reama

134 4512 222 4558 narrat
235 4502 391 4569 Gregoriorn
403 4504 423 4558 ll
440 4504 585 4560 instituisse
598 4513 626 4558 ut
638 4505 768 4575 jejrtoiorn
780 4514 807 4557 et
822 4504 916 4558 atissa·
968 4514 1028 4553 com
1042 4501 1139 4555 ibidem
1153 4503 1236 4557 sancti
1251 4503 1385 4571 pontilicis
1403 4502 1497 4557 urricus
1511 4517 1610 4571 scopus
1621 4504 1658 4557 sit
1671 4512 1763 4557 estest·

134 4588 191 4629 runt
205 4574 344 4629 celebritas
356 4573 420 4627 leria
437 4573 454 4625 5
467 4585 666 4643 peragerentur,
676 4575 815 4642 quatiente
830 4575 916 4644 ipsum
969 4570 1042 4637 dere,
1063 4572 1161 4626 uedum
1174 4587 1248 4627 sexta
1264 4573 1341 4637 seria,
1355 4574 1402 4628 scd
1418 4573 1538 4629 Sabbata
1552 4576 1634 4627 ctiam
1649 4570 1760 4639 esseio·

132 4644 217 4700 riseris
237 4658 290 4698 nort
315 4653 389 4708 crat;
413 4643 510 4700 Strabo
531 4660 592 4699 tero
614 4647 721 4699 missam
742 4644 876 4714 propriam
900 4658 916 4698 a
966 4640 1125 4706 iuuandum,
1138 4654 1165 4695 et
1177 4643 1299 4697 noradies
1312 4644 1464 4711 alitttrgicos
1478 4656 1650 4705 collaterare,
1663 4642 1760 4708 quibus

131 4717 261 4787 Gregorio
285 4714 305 4768 ΙΙ
334 4716 429 4769 asserit
454 4714 601 4769 institutam
631 4714 730 4780 inisse,
758 4729 817 4766 crana
843 4712 917 4782 prius
968 4710 1086 4765 Rosciana
1102 4713 1218 4767 Ecclesia
1233 4715 1324 4768 missis
1337 4715 1457 4770 carebat.
1472 4716 1595 4767 Alterum
1606 4712 1699 4775 est‚lo
1711 4710 1761 4767 St·

132 4787 213 4841 otissa
227 4786 279 4841 diei
290 4784 433 4839 bominem
446 4785 619 4853 precedentis
633 4785 697 4839 ieria
710 4785 726 4838 5
740 4792 915 4853 repeteretur.
968 4782 1146 4837 coementario
1174 4786 1243 4837 beati
1269 4782 1389 4852 Gregorii
1414 4783 1500 4853 llagoi
1526 4784 1625 4839 missas
1650 4778 1760 4849 reperiri

134 4858 218 4912 icrba
241 4856 380 4911 Strabonis
405 4864 468 4909 strrrt
490 4856 580 4920 :Quia
607 4854 762 4908 lleiciiodes
786 4852 917 4908 ΙΙΙΙΙἸΙΙ
969 4852 1042 4905 l'eriis
1055 4852 1072 4905 5
1086 4857 1245 4923 assignatas.
1261 4854 1315 4908 Sed
1331 4855 1370 4907 uir
1383 4853 1555 4907 doctissimus
1575 4867 1628 4907 oon
1642 4850 1760 4906 adrectis

131 4929 220 4982 edire
233 4926 494 4993 llomreprteanlatum
507 4927 681 4991 oqensstatuit
695 4936 721 4978 ot
736 4924 917 4979 truilorotioae
969 4919 1135 4978 Grlmoldum
1159 4939 1269 4979 mettere
1290 4937 1349 4979 esse
1368 4923 1457 4977 addita
1481 4932 1539 4990 post
1561 4933 1670 4977 aetatcot
1691 4920 1759 4977 berti

130 5001 273 5064 Haeduico,
293 5008 339 5051 ortt
363 4998 427 5067 perio
449 4999 466 5053 5
482 4985 610 5069 jrj'rrrriuru
628 4997 685 5067 quis
701 4995 813 5058 tidelium
831 5006 917 5063 ageret
970 4994 1088 5062 Gregorii
1108 5007 1139 5048 ea
1160 4994 1260 5057 eretria,
1277 5008 1337 5062 quse
1356 4993 1381 5046 in
1400 4992 1522 5061 ejusdem
1545 4990 1758 5048 Sacrarnonuriu

131 5068 244 5139 (Poqant'
258 5067 324 5123 eoiru
340 5068 378 5121 luis
399 5068 487 5122 dicbus
500 5068 573 5137 quusi
595 5066 914 5136 q'eirrdufrequentabant),
967 5076 1028 5116 surrt
1053 5064 1163 5132 virgulis
1183 5064 1320 5134 pegmata,
1337 5064 1560 5131 qttemadruudum
1588 5069 1653 5117 suos
1672 5062 1759 5117 s'rtistst

128 5140 187 5192 ideo
201 5139 288 5192 beatus
300 5136 438 5206 Gregorius
451 5140 477 5192 irr
497 5138 660 5206 dispositione
682 5138 819 5206 officiarum
839 5139 915 5199 terrui,
967 5148 1028 5199 qum
1044 5132 1144 5190 lcritsb
1158 5136 1336 5203 assignantur.
1357 5136 1412 5188 luto
1425 5145 1528 5187 certum
1542 5142 1585 5188 est
1605 5133 1632 5187 iu
1645 5132 1758 5197 atouguia

128 5209 198 5279 rrrqrc
213 5208 439 5280 Quadraqesinranr
461 5209 552 5275 leriam
573 5209 590 5263 5
611 5220 739 5262 cacconem
758 5205 863 5267 dimisit.
889 5213 917 5258 ut
968 5204 1201 5258 Sacrarueotorum
1214 5207 1299 5271 libris,
1310 5204 1337 5259 iu
1353 5204 1528 5258 Lectiuoariis
1542 5203 1606 5257 item
1622 5211 1651 5257 et
1665 5199 1760 5257 licica-

127 5280 189 5346 qnia
210 5278 299 5349 {estun
319 5288 384 5341 erat,
399 5279 475 5332 ueluti
501 5277 649 5347 dominico,
670 5279 744 5333 etiarn
761 5277 841 5345 officio
864 5274 917 5329 diei
967 5273 1059 5338 dariis,
1072 5274 1172 5329 trullam
1188 5275 1300 5330 iurcuiri
1315 5274 1423 5329 missam
1444 5275 1486 5330 rei
1501 5271 1690 5343 evangelium,
1704 5280 1757 5325 nur

128 5348 272 5404 flaminicae
285 5348 388 5402 celebris
412 5348 553 5403 ltaberctar.
581 5349 646 5412 Qrte
669 5350 734 5432 [erio
748 5347 773 5403 5,
797 5348 917 5416 quoniam
967 5343 994 5398 in
1009 5343 1218 5413 Quadragesima
1234 5358 1313 5413 quam
1327 5354 1403 5401 extra
1417 5344 1513 5414 ipsam,
1529 5359 1578 5412 per
1599 5351 1687 5397 turtum
1708 5355 1756 5395 at·

127 5418 289 5492 postmodum
303 5418 386 5488 erepit,
415 5426 443 5470 ιιι
457 5429 562 5479 reterre,
582 5420 688 5491 jejuniis
702 5416 837 5487 applicari,
854 5414 917 5470 dra-
966 5429 1029 5469 num
1050 5412 1123 5470 leriae
1140 5413 1349 5484 dissignatum,
1365 5415 1426 5480 uisi,
1449 5423 1646 5484 postseactttm
1658 5413 1757 5481 Grego-

127 5489 335 5562 1ιμιιίιιιΙιιιιὶοι,
350 5500 446 5557 nempe
458 5488 490 5553 lt,
505 5489 594 5542 statuit
608 5505 665 5542 eoru
677 5488 759 5541 rrrisris
778 5496 802 5539 ιι
820 5485 916 5540 oratio·
967 5484 1034 5539 rium
1046 5485 1077 5551 ΙΙ,
1089 5485 1114 5539 iu
1124 5485 1329 5555 Quadragesitna
1344 5494 1446 5539 tautum
1461 5486 1522 5541 etio
1531 5485 1632 5539 Octava
1644 5484 1756 5539 l’aseltt·

127 5560 200 5614 uibus
215 5576 269 5615 esse
278 5560 429 5621 solemnem,
444 5560 474 5611 id
483 5569 535 5623 cst,
547 5574 605 5611 sarar
616 5559 664 5611 sibi
672 5556 838 5613 sclaslrubere
851 5571 914 5627 pro·
967 5554 1012 5619 tis,
1027 5564 1056 5611 ut
1070 5556 1152 5612 rideri
1168 5558 1248 5612 ctiam
1260 5564 1345 5623 potest
1356 5557 1383 5611 irt
1398 5555 1558 5612 lislertdario
1570 5554 1644 5626 quod
1658 5554 1757 5611 trouu

128 5630 197 5693 prius
208 5632 307 5697 numus,
323 5630 360 5683 ati
374 5638 470 5685 caterae
483 5644 528 5699 per
544 5628 770 5697 Quadroqesimaur
784 5627 856 5698 serie
868 5626 915 5681 las·
965 5624 1099 5695 vulgas-iu
1114 5642 1195 5699 quem
1205 5628 1317 5685 contule
1329 5627 1356 5683 in
1367 5627 1534 5699 praenotare,
1549 5620 1757 5701 paragraphus·

129 5700 202 5764 bent;
214 5712 239 5754 et
249 5700 414 5769 animoque
427 5700 549 5773 colligent
566 5700 680 5772 eisdem
701 5698 751 5751 diei
765 5707 915 5766 uuquteuta·
966 5694 1074 5753 itureos

128 5768 161 5822 eit
171 5770 261 5840 odida.
279 5770 419 5828 Strabonis
434 5772 513 5828 rerba
529 5772 585 5827 lere
604 5765 841 5839 transcendendi
862 5766 914 5823 sub
