<?xml version="1.0" encoding="UTF-8"?>
<!DOCTYPE html PUBLIC "-//W3C//DTD XHTML 1.0 Transitional//EN"
    "http://www.w3.org/TR/xhtml1/DTD/xhtml1-transitional.dtd">
<html xmlns="http://www.w3.org/1999/xhtml" xml:lang="en" lang="en">
 <head>
  <title>
</title>
<meta http-equiv="Content-Type" content="text/html;charset=utf-8" />
  <meta name='ocr-system' content='tesseract 3.04.00' />
  <meta name='ocr-capabilities' content='ocr_page ocr_carea ocr_par ocr_line ocrx_word'/>
</head>
<body>
  <div class='ocr_page' id='page_1' title='image "./patrologiaecurs74unkngoog/patrologiaecurs74unkngoog_0096.png"; bbox 0 0 3832 6114; ppageno 0'>
   <div class='ocr_carea' id='block_1_1' title="bbox 112 381 162 436">
    <p class='ocr_par' dir='ltr' id='par_1_1' title="bbox 112 381 162 436">
     <span class='ocr_line' id='line_1_1' title="bbox 112 381 162 436; baseline -0.04 0"><span class='ocrx_word' id='word_1_1' title='bbox 112 381 162 436; x_wconf 75' lang='lat' dir='ltr'><strong>lii</strong></span> 
     </span>
    </p>
   </div>
   <div class='ocr_carea' id='block_1_2' title="bbox 110 575 898 738">
    <p class='ocr_par' dir='ltr' id='par_1_2' title="bbox 110 575 898 738">
     <span class='ocr_line' id='line_1_2' title="bbox 110 575 897 647; baseline -0.005 -9"><span class='ocrx_word' id='word_1_2' title='bbox 110 584 191 638; x_wconf 89' lang='lat' dir='ltr'><strong>nitnr.</strong></span> <span class='ocrx_word' id='word_1_3' title='bbox 216 577 374 634; x_wconf 82' lang='lat' dir='ltr'><strong>haurient</strong></span> <span class='ocrx_word' id='word_1_4' title='bbox 398 576 426 630; x_wconf 92' lang='lat' dir='ltr'><strong>in</strong></span> <span class='ocrx_word' id='word_1_5' title='bbox 451 575 498 632; x_wconf 87' lang='lat' dir='ltr'><strong>ttto</strong></span> <span class='ocrx_word' id='word_1_6' title='bbox 522 591 564 630; x_wconf 77' lang='grc' dir='ltr'><strong>ιιι</strong></span> <span class='ocrx_word' id='word_1_7' title='bbox 588 576 749 646; x_wconf 78' lang='lat' dir='ltr'>syllabarum</span> <span class='ocrx_word' id='word_1_8' title='bbox 774 575 897 647; x_wconf 80' lang='lat' dir='ltr'><strong>dactylus</strong></span> 
     </span>
     <span class='ocr_line' id='line_1_3' title="bbox 110 666 898 738; baseline -0.005 -10"><span class='ocrx_word' id='word_1_9' title='bbox 110 674 199 728; x_wconf 85' lang='lat' dir='ltr'><strong>decies</strong></span> <span class='ocrx_word' id='word_1_10' title='bbox 214 669 344 738; x_wconf 84' lang='lat' dir='ltr'><strong>variatur,</strong></span> <span class='ocrx_word' id='word_1_11' title='bbox 366 667 403 724; x_wconf 89' lang='lat' dir='ltr'><strong>ita</strong></span> <span class='ocrx_word' id='word_1_12' title='bbox 427 667 455 722; x_wconf 93' lang='lat' dir='ltr'><strong>in</strong></span> <span class='ocrx_word' id='word_1_13' title='bbox 476 666 528 723; x_wconf 89' lang='lat' dir='ltr'><strong>hoc</strong></span> <span class='ocrx_word' id='word_1_14' title='bbox 547 667 689 737; x_wconf 80' lang='lat' dir='ltr'><strong>spondeus</strong></span> <span class='ocrx_word' id='word_1_15' title='bbox 710 667 790 724; x_wconf 86' lang='lat' dir='ltr'><strong>toties</strong></span> <span class='ocrx_word' id='word_1_16' title='bbox 804 668 898 725; x_wconf 90' lang='lat' dir='ltr'><strong>inrer-</strong></span> 
     </span>
    </p>
   </div>
   <div class='ocr_carea' id='block_1_3' title="bbox 108 768 901 4478">
    <p class='ocr_par' dir='ltr' id='par_1_3' title="bbox 111 768 181 823">
     <span class='ocr_line' id='line_1_4' title="bbox 111 768 181 823; baseline 0 0"><span class='ocrx_word' id='word_1_17' title='bbox 111 768 181 823; x_wconf 87' lang='lat' dir='ltr'><strong>titttr.</strong></span> 
     </span>
    </p>

    <p class='ocr_par' dir='ltr' id='par_1_4' title="bbox 111 851 899 1106">
     <span class='ocr_line' id='line_1_5' title="bbox 147 851 898 926; baseline 0.001 -15"><span class='ocrx_word' id='word_1_18' title='bbox 147 860 177 915; x_wconf 87' lang='lat' dir='ltr'><strong>t).</strong></span> <span class='ocrx_word' id='word_1_19' title='bbox 194 856 294 913; x_wconf 90' lang='lat' dir='ltr'><strong>llarum</strong></span> <span class='ocrx_word' id='word_1_20' title='bbox 309 869 401 910; x_wconf 90' lang='lat' dir='ltr'><strong>rerum</strong></span> <span class='ocrx_word' id='word_1_21' title='bbox 423 851 547 923; x_wconf 82' lang='lat' dir='ltr'><strong>exempla</strong></span> <span class='ocrx_word' id='word_1_22' title='bbox 563 853 685 910; x_wconf 90' lang='lat' dir='ltr'><strong>rersibus</strong></span> <span class='ocrx_word' id='word_1_23' title='bbox 699 853 732 909; x_wconf 92' lang='lat' dir='ltr'><strong>ad</strong></span> <span class='ocrx_word' id='word_1_24' title='bbox 747 855 816 910; x_wconf 90' lang='lat' dir='ltr'><strong>trano</strong></span> <span class='ocrx_word' id='word_1_25' title='bbox 835 869 898 926; x_wconf 91' lang='lat' dir='ltr'><strong>spe·</strong></span> 
     </span>
     <span class='ocr_line' id='line_1_6' title="bbox 111 942 899 1018; baseline 0.004 -17"><span class='ocrx_word' id='word_1_26' title='bbox 111 948 177 1002; x_wconf 90' lang='lat' dir='ltr'><strong>ciem</strong></span> <span class='ocrx_word' id='word_1_27' title='bbox 198 945 395 1018; x_wconf 86' lang='lat' dir='ltr'><strong>pertinentibus</strong></span> <span class='ocrx_word' id='word_1_28' title='bbox 413 943 504 1000; x_wconf 90' lang='lat' dir='ltr'><strong>doceri</strong></span> <span class='ocrx_word' id='word_1_29' title='bbox 527 942 661 1000; x_wconf 88' lang='lat' dir='ltr'><strong>desidero.</strong></span> <span class='ocrx_word' id='word_1_30' title='bbox 676 945 759 1003; x_wconf 84' lang='grc' dir='ltr'><strong>-Μ,</strong></span> <span class='ocrx_word' id='word_1_31' title='bbox 775 946 899 1004; x_wconf 88' lang='lat' dir='ltr'><strong>Lucanos</strong></span> 
     </span>
     <span class='ocr_line' id='line_1_7' title="bbox 112 1031 548 1106; baseline -0.016 -10"><span class='ocrx_word' id='word_1_32' title='bbox 112 1040 179 1096; x_wconf 90' lang='lat' dir='ltr'><strong>lihro</strong></span> <span class='ocrx_word' id='word_1_33' title='bbox 193 1047 286 1094; x_wconf 79' lang='lat' dir='ltr'><strong>oetam</strong></span> <span class='ocrx_word' id='word_1_34' title='bbox 299 1031 429 1106; x_wconf 80' lang='lat' dir='ltr'><strong>explanat</strong></span> <span class='ocrx_word' id='word_1_35' title='bbox 438 1033 548 1089; x_wconf 90' lang='lat' dir='ltr'><strong>diceus:</strong></span> 
     </span>
    </p>

    <p class='ocr_par' dir='ltr' id='par_1_5' title="bbox 112 1122 765 1279">
     <span class='ocr_line' id='line_1_8' title="bbox 202 1122 765 1189; baseline 0.007 -11"><span class='ocrx_word' id='word_1_36' title='bbox 202 1128 283 1178; x_wconf 76' lang='lat' dir='ltr'><strong>Ardua</strong></span> <span class='ocrx_word' id='word_1_37' title='bbox 295 1126 387 1188; x_wconf 79' lang='lat' dir='ltr'><strong>quippe</strong></span> <span class='ocrx_word' id='word_1_38' title='bbox 399 1122 460 1174; x_wconf 81' lang='lat' dir='ltr'><strong>tides</strong></span> <span class='ocrx_word' id='word_1_39' title='bbox 469 1124 581 1177; x_wconf 84' lang='lat' dir='ltr'><strong>robustos</strong></span> <span class='ocrx_word' id='word_1_40' title='bbox 592 1127 672 1189; x_wconf 83' lang='lat' dir='ltr'><strong>erigit</strong></span> <span class='ocrx_word' id='word_1_41' title='bbox 682 1139 765 1182; x_wconf 90' lang='lat' dir='ltr'><strong>annos.</strong></span> 
     </span>
     <span class='ocr_line' id='line_1_9' title="bbox 112 1208 444 1279; baseline -0.009 -13"><span class='ocrx_word' id='word_1_42' title='bbox 112 1211 238 1279; x_wconf 87' lang='lat' dir='ltr'><strong>idemque</strong></span> <span class='ocrx_word' id='word_1_43' title='bbox 252 1208 321 1264; x_wconf 92' lang='lat' dir='ltr'><strong>libro</strong></span> <span class='ocrx_word' id='word_1_44' title='bbox 331 1208 424 1278; x_wconf 92' lang='lat' dir='ltr'><strong>quinto</strong></span> <span class='ocrx_word' id='word_1_45' title='bbox 438 1227 444 1263; x_wconf 91' lang='lat'>:</span> 
     </span>
    </p>

    <p class='ocr_par' dir='ltr' id='par_1_6' title="bbox 109 1299 900 1551">
     <span class='ocr_line' id='line_1_10' title="bbox 205 1299 794 1363; baseline 0.003 -13"><span class='ocrx_word' id='word_1_46' title='bbox 205 1300 294 1350; x_wconf 82' lang='lat' dir='ltr'><strong>Pertm</strong></span> <span class='ocrx_word' id='word_1_47' title='bbox 306 1299 335 1348; x_wconf 84' lang='lat' dir='ltr'><strong>ad</strong></span> <span class='ocrx_word' id='word_1_48' title='bbox 346 1309 471 1361; x_wconf 80' lang='lat' dir='ltr'><strong>equoreas</strong></span> <span class='ocrx_word' id='word_1_49' title='bbox 481 1309 510 1349; x_wconf 91' lang='lat' dir='ltr'><strong>ac</strong></span> <span class='ocrx_word' id='word_1_50' title='bbox 520 1311 549 1349; x_wconf 89' lang='lat' dir='ltr'><strong>se</strong></span> <span class='ocrx_word' id='word_1_51' title='bbox 560 1300 663 1363; x_wconf 80' lang='lat' dir='ltr'><strong>projecit</strong></span> <span class='ocrx_word' id='word_1_52' title='bbox 672 1303 696 1352; x_wconf 92' lang='lat' dir='ltr'><strong>ln</strong></span> <span class='ocrx_word' id='word_1_53' title='bbox 708 1303 794 1352; x_wconf 90' lang='lat' dir='ltr'><strong>undas.</strong></span> 
     </span>
     <span class='ocr_line' id='line_1_11' title="bbox 109 1388 900 1460; baseline -0.005 -16"><span class='ocrx_word' id='word_1_54' title='bbox 109 1389 254 1445; x_wconf 70' lang='lat' dir='ltr'>scanditur</span> <span class='ocrx_word' id='word_1_55' title='bbox 268 1390 302 1444; x_wconf 86' lang='lat' dir='ltr'><strong>ita</strong></span> <span class='ocrx_word' id='word_1_56' title='bbox 316 1406 324 1442; x_wconf 80' lang='lat' dir='ltr'><strong><em>z</em></strong></span> <span class='ocrx_word' id='word_1_57' title='bbox 339 1391 420 1460; x_wconf 71' lang='lat' dir='ltr'><strong>sertor</strong></span> <span class='ocrx_word' id='word_1_58' title='bbox 439 1390 484 1455; x_wconf 87' lang='lat' dir='ltr'><strong>od,</strong></span> <span class='ocrx_word' id='word_1_59' title='bbox 498 1403 608 1456; x_wconf 74' lang='lat' dir='ltr'><strong>aequore,</strong></span> <span class='ocrx_word' id='word_1_60' title='bbox 622 1403 651 1441; x_wconf 90' lang='lat' dir='ltr'><strong>us</strong></span> <span class='ocrx_word' id='word_1_61' title='bbox 664 1402 704 1453; x_wconf 85' lang='lat' dir='ltr'><strong>oc,</strong></span> <span class='ocrx_word' id='word_1_62' title='bbox 720 1403 747 1442; x_wconf 88' lang='lat' dir='ltr'><strong>se</strong></span> <span class='ocrx_word' id='word_1_63' title='bbox 764 1401 824 1458; x_wconf 85' lang='lat' dir='ltr'><strong>pro,</strong></span> <span class='ocrx_word' id='word_1_64' title='bbox 835 1388 900 1458; x_wconf 86' lang='lat' dir='ltr'><strong>y&#39;ecit</strong></span> 
     </span>
     <span class='ocr_line' id='line_1_12' title="bbox 110 1477 620 1551; baseline -0.01 -16"><span class='ocrx_word' id='word_1_65' title='bbox 110 1481 148 1548; x_wconf 88' lang='lat' dir='ltr'><strong>t&#39;n,</strong></span> <span class='ocrx_word' id='word_1_66' title='bbox 163 1481 259 1535; x_wconf 84' lang='lat' dir='ltr'><strong>sudas.</strong></span> <span class='ocrx_word' id='word_1_67' title='bbox 271 1477 407 1551; x_wconf 84' lang='lat' dir='ltr'><strong>Virgilius,</strong></span> <span class='ocrx_word' id='word_1_68' title='bbox 424 1478 451 1534; x_wconf 84' lang='lat' dir='ltr'><strong>in</strong></span> <span class='ocrx_word' id='word_1_69' title='bbox 465 1477 620 1548; x_wconf 73' lang='lat' dir='ltr'><strong>Georgicis:</strong></span> 
     </span>
    </p>

    <p class='ocr_par' dir='ltr' id='par_1_7' title="bbox 111 1571 836 1723">
     <span class='ocr_line' id='line_1_13' title="bbox 184 1571 836 1636; baseline -0.002 -14"><span class='ocrx_word' id='word_1_70' title='bbox 184 1613 189 1622; x_wconf 93' lang='lat'><strong>.</strong></span> <span class='ocrx_word' id='word_1_71' title='bbox 202 1573 376 1636; x_wconf 66' lang='lat' dir='ltr'><strong>meumque</strong></span> <span class='ocrx_word' id='word_1_72' title='bbox 388 1585 448 1623; x_wconf 88' lang='lat' dir='ltr'><strong>cano</strong></span> <span class='ocrx_word' id='word_1_73' title='bbox 460 1571 565 1623; x_wconf 77' lang='lat' dir='ltr'><strong>Romana</strong></span> <span class='ocrx_word' id='word_1_74' title='bbox 577 1585 623 1636; x_wconf 85' lang='lat' dir='ltr'><strong>per</strong></span> <span class='ocrx_word' id='word_1_75' title='bbox 632 1571 719 1635; x_wconf 88' lang='lat' dir='ltr'><strong>oppida</strong></span> <span class='ocrx_word' id='word_1_76' title='bbox 729 1585 836 1624; x_wconf 76' lang='lat' dir='ltr'><strong>cumen.</strong></span> 
     </span>
     <span class='ocr_line' id='line_1_14' title="bbox 111 1653 464 1723; baseline 0.003 -13"><span class='ocrx_word' id='word_1_77' title='bbox 111 1655 144 1710; x_wconf 80' lang='lat' dir='ltr'><strong>Et</strong></span> <span class='ocrx_word' id='word_1_78' title='bbox 159 1653 255 1711; x_wconf 87' lang='lat' dir='ltr'><strong>Paulus</strong></span> <span class='ocrx_word' id='word_1_79' title='bbox 269 1656 394 1723; x_wconf 72' lang='lat' dir='ltr'><strong>Quaestor</strong></span> <span class='ocrx_word' id='word_1_80' title='bbox 408 1657 464 1712; x_wconf 90' lang='lat' dir='ltr'><strong>ait:</strong></span> 
     </span>
    </p>

    <p class='ocr_par' dir='ltr' id='par_1_8' title="bbox 113 1746 809 1898">
     <span class='ocr_line' id='line_1_15' title="bbox 200 1746 794 1811; baseline 0.003 -15"><span class='ocrx_word' id='word_1_81' title='bbox 200 1746 299 1797; x_wconf 77' lang='lat' dir='ltr'><strong>Arbiter</strong></span> <span class='ocrx_word' id='word_1_82' title='bbox 311 1759 424 1798; x_wconf 88' lang='lat' dir='ltr'><strong>auramm</strong></span> <span class='ocrx_word' id='word_1_83' title='bbox 435 1748 476 1811; x_wconf 89' lang='lat' dir='ltr'><strong>qui</strong></span> <span class='ocrx_word' id='word_1_84' title='bbox 488 1746 600 1798; x_wconf 85' lang='lat' dir='ltr'><strong>fluctibns</strong></span> <span class='ocrx_word' id='word_1_85' title='bbox 611 1748 714 1810; x_wconf 88' lang='lat' dir='ltr'><strong>imperat</strong></span> <span class='ocrx_word' id='word_1_86' title='bbox 725 1748 794 1799; x_wconf 89' lang='lat' dir='ltr'><strong>atris.</strong></span> 
     </span>
     <span class='ocr_line' id='line_1_16' title="bbox 113 1826 809 1898; baseline 0.003 -16"><span class='ocrx_word' id='word_1_87' title='bbox 113 1826 181 1898; x_wconf 79' lang='lat' dir='ltr'><strong>Ergo</strong></span> <span class='ocrx_word' id='word_1_88' title='bbox 194 1828 378 1898; x_wconf 83' lang='lat' dir='ltr'><strong>hujuscemodi</strong></span> <span class='ocrx_word' id='word_1_89' title='bbox 390 1844 483 1887; x_wconf 83' lang='lat' dir='ltr'><strong>versus</strong></span> <span class='ocrx_word' id='word_1_90' title='bbox 493 1830 664 1887; x_wconf 70' lang='lat' dir='ltr'><strong>decaschemi</strong></span> <span class='ocrx_word' id='word_1_91' title='bbox 674 1830 809 1887; x_wconf 89' lang='lat' dir='ltr'><strong>dicuntur.</strong></span> 
     </span>
    </p>

    <p class='ocr_par' dir='ltr' id='par_1_9' title="bbox 110 1916 899 2543">
     <span class='ocr_line' id='line_1_17' title="bbox 146 1916 898 1990; baseline 0.004 -18"><span class='ocrx_word' id='word_1_92' title='bbox 146 1916 179 1973; x_wconf 89' lang='lat' dir='ltr'><strong>o.</strong></span> <span class='ocrx_word' id='word_1_93' title='bbox 193 1918 384 1988; x_wconf 73' lang='lat' dir='ltr'><strong>Huiuscemodi</strong></span> <span class='ocrx_word' id='word_1_94' title='bbox 398 1920 581 1989; x_wconf 80' lang='lat' dir='ltr'><strong>responsionis</strong></span> <span class='ocrx_word' id='word_1_95' title='bbox 600 1929 758 1990; x_wconf 82' lang='lat' dir='ltr'><strong>argumento</strong></span> <span class='ocrx_word' id='word_1_96' title='bbox 770 1918 834 1975; x_wconf 91' lang='lat' dir='ltr'><strong>mihi</strong></span> <span class='ocrx_word' id='word_1_97' title='bbox 849 1919 898 1975; x_wconf 91' lang='lat' dir='ltr'><strong>mi·</strong></span> 
     </span>
     <span class='ocr_line' id='line_1_18' title="bbox 112 2009 899 2082; baseline 0.004 -18"><span class='ocrx_word' id='word_1_98' title='bbox 112 2009 184 2064; x_wconf 88' lang='lat' dir='ltr'><strong>nime</strong></span> <span class='ocrx_word' id='word_1_99' title='bbox 205 2009 368 2066; x_wconf 82' lang='lat' dir='ltr'><strong>carisiactnm</strong></span> <span class='ocrx_word' id='word_1_100' title='bbox 382 2024 442 2067; x_wconf 91' lang='lat' dir='ltr'><strong>esse</strong></span> <span class='ocrx_word' id='word_1_101' title='bbox 456 2011 582 2077; x_wconf 75' lang='lat' dir='ltr'><strong>arbitror,</strong></span> <span class='ocrx_word' id='word_1_102' title='bbox 597 2011 650 2067; x_wconf 89' lang='lat' dir='ltr'><strong>uisi</strong></span> <span class='ocrx_word' id='word_1_103' title='bbox 665 2025 697 2068; x_wconf 87' lang='lat' dir='ltr'><strong>ea</strong></span> <span class='ocrx_word' id='word_1_104' title='bbox 712 2026 771 2082; x_wconf 86' lang='lat' dir='ltr'><strong>quae</strong></span> <span class='ocrx_word' id='word_1_105' title='bbox 783 2012 899 2081; x_wconf 88' lang='lat' dir='ltr'><strong>particu-</strong></span> 
     </span>
     <span class='ocr_line' id='line_1_19' title="bbox 111 2099 899 2173; baseline 0.006 -19"><span class='ocrx_word' id='word_1_106' title='bbox 111 2099 187 2155; x_wconf 86' lang='lat' dir='ltr'><strong>latim</strong></span> <span class='ocrx_word' id='word_1_107' title='bbox 201 2099 325 2158; x_wconf 86' lang='lat' dir='ltr'><strong>rersihus</strong></span> <span class='ocrx_word' id='word_1_108' title='bbox 343 2109 468 2172; x_wconf 80' lang='lat' dir='ltr'><strong>excerpta</strong></span> <span class='ocrx_word' id='word_1_109' title='bbox 488 2110 551 2157; x_wconf 87' lang='lat' dir='ltr'><strong>sunt</strong></span> <span class='ocrx_word' id='word_1_110' title='bbox 565 2100 751 2158; x_wconf 89' lang='lat' dir='ltr'><strong>unirersahter</strong></span> <span class='ocrx_word' id='word_1_111' title='bbox 771 2102 899 2173; x_wconf 87' lang='lat' dir='ltr'><strong>astipula-</strong></span> 
     </span>
     <span class='ocr_line' id='line_1_20' title="bbox 111 2191 899 2265; baseline 0.004 -20"><span class='ocrx_word' id='word_1_112' title='bbox 111 2191 185 2249; x_wconf 88' lang='lat' dir='ltr'><strong>tione</strong></span> <span class='ocrx_word' id='word_1_113' title='bbox 212 2192 323 2265; x_wconf 88' lang='lat' dir='ltr'><strong>decupla</strong></span> <span class='ocrx_word' id='word_1_114' title='bbox 356 2194 566 2252; x_wconf 76' lang='lat' dir='ltr'><strong>accumulentur.</strong></span> <span class='ocrx_word' id='word_1_115' title='bbox 589 2225 623 2235; x_wconf 93' lang='lat'><em>-</em></span> <span class='ocrx_word' id='word_1_116' title='bbox 637 2194 672 2251; x_wconf 93' lang='grc' dir='ltr'><strong>Μ.</strong></span> <span class='ocrx_word' id='word_1_117' title='bbox 699 2193 798 2253; x_wconf 83' lang='lat' dir='ltr'><strong>Versus</strong></span> <span class='ocrx_word' id='word_1_118' title='bbox 818 2195 899 2252; x_wconf 80' lang='lat' dir='ltr'><strong>hera.-</strong></span> 
     </span>
     <span class='ocr_line' id='line_1_21' title="bbox 111 2283 898 2357; baseline 0.004 -20"><span class='ocrx_word' id='word_1_119' title='bbox 111 2293 198 2339; x_wconf 92' lang='lat' dir='ltr'><strong>meter</strong></span> <span class='ocrx_word' id='word_1_120' title='bbox 211 2283 365 2354; x_wconf 89' lang='lat' dir='ltr'><strong>quindecim</strong></span> <span class='ocrx_word' id='word_1_121' title='bbox 377 2284 505 2356; x_wconf 88' lang='lat' dir='ltr'><strong>syllabis,</strong></span> <span class='ocrx_word' id='word_1_122' title='bbox 521 2285 606 2341; x_wconf 91' lang='lat' dir='ltr'><strong>tribus</strong></span> <span class='ocrx_word' id='word_1_123' title='bbox 625 2285 738 2357; x_wconf 82' lang='lat' dir='ltr'><strong>dactylis</strong></span> <span class='ocrx_word' id='word_1_124' title='bbox 762 2295 898 2356; x_wconf 86' lang='lat' dir='ltr'><strong>constans,</strong></span> 
     </span>
     <span class='ocr_line' id='line_1_22' title="bbox 112 2371 897 2447; baseline 0.003 -18"><span class='ocrx_word' id='word_1_125' title='bbox 112 2373 192 2439; x_wconf 86' lang='lat' dir='ltr'><strong>dena,</strong></span> <span class='ocrx_word' id='word_1_126' title='bbox 206 2384 236 2431; x_wconf 92' lang='lat' dir='ltr'><strong>ot</strong></span> <span class='ocrx_word' id='word_1_127' title='bbox 254 2375 382 2446; x_wconf 82' lang='lat' dir='ltr'><strong>diximus,</strong></span> <span class='ocrx_word' id='word_1_128' title='bbox 407 2374 528 2433; x_wconf 89' lang='lat' dir='ltr'><strong>continet</strong></span> <span class='ocrx_word' id='word_1_129' title='bbox 550 2371 698 2447; x_wconf 87' lang='lat' dir='ltr'><strong>schemata,</strong></span> <span class='ocrx_word' id='word_1_130' title='bbox 723 2379 775 2436; x_wconf 89' lang='lat' dir='ltr'><strong>hoc</strong></span> <span class='ocrx_word' id='word_1_131' title='bbox 798 2378 897 2436; x_wconf 87' lang='lat' dir='ltr'><strong>modo:</strong></span> 
     </span>
     <span class='ocr_line' id='line_1_23' title="bbox 110 2467 810 2543; baseline 0.011 -21"><span class='ocrx_word' id='word_1_132' title='bbox 110 2467 170 2525; x_wconf 87' lang='lat' dir='ltr'><strong>loeo</strong></span> <span class='ocrx_word' id='word_1_133' title='bbox 179 2467 278 2538; x_wconf 89' lang='lat' dir='ltr'><strong>primo,</strong></span> <span class='ocrx_word' id='word_1_134' title='bbox 293 2468 412 2526; x_wconf 87' lang='lat' dir='ltr'><strong>secundo</strong></span> <span class='ocrx_word' id='word_1_135' title='bbox 426 2471 545 2527; x_wconf 90' lang='lat' dir='ltr'><strong>ettcrtio</strong></span> <span class='ocrx_word' id='word_1_136' title='bbox 557 2468 714 2543; x_wconf 88' lang='lat' dir='ltr'><strong>dactylum:</strong></span> <span class='ocrx_word' id='word_1_137' title='bbox 801 2513 810 2530; x_wconf 84' lang='lat'><strong>.</strong></span> 
     </span>
    </p>

    <p class='ocr_par' dir='ltr' id='par_1_10' title="bbox 110 2556 821 2712">
     <span class='ocr_line' id='line_1_24' title="bbox 202 2556 821 2614; baseline 0.01 -8"><span class='ocrx_word' id='word_1_138' title='bbox 202 2556 254 2606; x_wconf 83' lang='lat' dir='ltr'><strong>tam</strong></span> <span class='ocrx_word' id='word_1_139' title='bbox 266 2557 404 2608; x_wconf 81' lang='lat' dir='ltr'><strong>veneranda</strong></span> <span class='ocrx_word' id='word_1_140' title='bbox 417 2556 464 2610; x_wconf 88' lang='lat' dir='ltr'><strong>Det</strong></span> <span class='ocrx_word' id='word_1_141' title='bbox 479 2558 577 2610; x_wconf 84' lang='lat' dir='ltr'><strong>achotes</strong></span> <span class='ocrx_word' id='word_1_142' title='bbox 587 2558 703 2612; x_wconf 87' lang='lat' dir='ltr'><strong>mundum</strong></span> <span class='ocrx_word' id='word_1_143' title='bbox 712 2560 821 2614; x_wconf 87' lang='lat' dir='ltr'><strong>salraris.</strong></span> 
     </span>
     <span class='ocr_line' id='line_1_25' title="bbox 110 2639 598 2712; baseline 0.004 -17"><span class='ocrx_word' id='word_1_144' title='bbox 110 2639 185 2696; x_wconf 82' lang='lat' dir='ltr'><strong>Loco</strong></span> <span class='ocrx_word' id='word_1_145' title='bbox 199 2641 296 2711; x_wconf 90' lang='lat' dir='ltr'><strong>primo,</strong></span> <span class='ocrx_word' id='word_1_146' title='bbox 312 2641 431 2699; x_wconf 88' lang='lat' dir='ltr'><strong>secuudo</strong></span> <span class='ocrx_word' id='word_1_147' title='bbox 444 2651 472 2698; x_wconf 94' lang='lat' dir='ltr'><strong>et</strong></span> <span class='ocrx_word' id='word_1_148' title='bbox 483 2652 578 2712; x_wconf 90' lang='lat' dir='ltr'><strong>quarto</strong></span> <span class='ocrx_word' id='word_1_149' title='bbox 592 2661 598 2697; x_wconf 94' lang='lat'>:</span> 
     </span>
    </p>

    <p class='ocr_par' dir='ltr' id='par_1_11' title="bbox 111 2718 842 2892">
     <span class='ocr_line' id='line_1_26' title="bbox 201 2718 842 2797; baseline 0.009 -16"><span class='ocrx_word' id='word_1_150' title='bbox 201 2718 254 2782; x_wconf 77' lang='lat' dir='ltr'><strong>&#39;Jam</strong></span> <span class='ocrx_word' id='word_1_151' title='bbox 265 2732 422 2784; x_wconf 84' lang='lat' dir='ltr'><strong>memoranda</strong></span> <span class='ocrx_word' id='word_1_152' title='bbox 433 2731 481 2784; x_wconf 85' lang='lat' dir='ltr'><strong>Det</strong></span> <span class='ocrx_word' id='word_1_153' title='bbox 494 2732 576 2797; x_wconf 89' lang='lat' dir='ltr'><strong>protes</strong></span> <span class='ocrx_word' id='word_1_154' title='bbox 587 2747 659 2787; x_wconf 90' lang='lat' dir='ltr'><strong>cruce</strong></span> <span class='ocrx_word' id='word_1_155' title='bbox 671 2742 753 2789; x_wconf 90' lang='lat' dir='ltr'><strong>serrat</strong></span> <span class='ocrx_word' id='word_1_156' title='bbox 763 2735 842 2789; x_wconf 77' lang='lat' dir='ltr'><strong>recta.</strong></span> 
     </span>
     <span class='ocr_line' id='line_1_27' title="bbox 111 2811 812 2892; baseline 0.01 -23"><span class='ocrx_word' id='word_1_157' title='bbox 111 2811 185 2870; x_wconf 83' lang='lat' dir='ltr'><strong>Loco</strong></span> <span class='ocrx_word' id='word_1_158' title='bbox 197 2814 293 2885; x_wconf 88' lang='lat' dir='ltr'><strong>primo,</strong></span> <span class='ocrx_word' id='word_1_159' title='bbox 306 2816 425 2871; x_wconf 69' lang='lat' dir='ltr'><strong>morando</strong></span> <span class='ocrx_word' id='word_1_160' title='bbox 438 2825 465 2873; x_wconf 91' lang='lat' dir='ltr'><strong>et</strong></span> <span class='ocrx_word' id='word_1_161' title='bbox 476 2818 570 2887; x_wconf 91' lang='lat' dir='ltr'><strong>quinto</strong></span> <span class='ocrx_word' id='word_1_162' title='bbox 582 2817 719 2892; x_wconf 90' lang='lat' dir='ltr'><strong>dactylum</strong></span> <span class='ocrx_word' id='word_1_163' title='bbox 731 2836 739 2875; x_wconf 80' lang='lat' dir='ltr'><strong>a</strong></span> <span class='ocrx_word' id='word_1_164' title='bbox 810 2827 812 2829; x_wconf 76' lang='grc'><strong><em>’</em></strong></span> 
     </span>
    </p>

    <p class='ocr_par' dir='ltr' id='par_1_12' title="bbox 112 2906 856 3071">
     <span class='ocr_line' id='line_1_28' title="bbox 203 2906 853 2973; baseline 0.009 -14"><span class='ocrx_word' id='word_1_165' title='bbox 203 2906 240 2959; x_wconf 82' lang='grc' dir='ltr'><strong>Εο</strong></span> <span class='ocrx_word' id='word_1_166' title='bbox 251 2908 391 2960; x_wconf 80' lang='lat' dir='ltr'><strong>veneranda</strong></span> <span class='ocrx_word' id='word_1_167' title='bbox 402 2909 448 2961; x_wconf 88' lang='lat' dir='ltr'><strong>Det</strong></span> <span class='ocrx_word' id='word_1_168' title='bbox 460 2910 542 2973; x_wconf 80' lang='lat' dir='ltr'><strong>proies</strong></span> <span class='ocrx_word' id='word_1_169' title='bbox 552 2911 630 2965; x_wconf 88' lang='lat' dir='ltr'><strong>salrat</strong></span> <span class='ocrx_word' id='word_1_170' title='bbox 640 2925 714 2965; x_wconf 89' lang='lat' dir='ltr'><strong>cruce</strong></span> <span class='ocrx_word' id='word_1_171' title='bbox 729 2914 853 2966; x_wconf 89' lang='lat' dir='ltr'><strong>mundum.</strong></span> 
     </span>
     <span class='ocr_line' id='line_1_29' title="bbox 112 2985 856 3071; baseline 0.013 -25"><span class='ocrx_word' id='word_1_172' title='bbox 112 2989 186 3047; x_wconf 80' lang='lat' dir='ltr'><strong>Loco</strong></span> <span class='ocrx_word' id='word_1_173' title='bbox 198 2990 387 3062; x_wconf 82' lang='lat' dir='ltr'><strong>primo,‚tertio</strong></span> <span class='ocrx_word' id='word_1_174' title='bbox 401 3003 429 3050; x_wconf 89' lang='lat' dir='ltr'><strong>et</strong></span> <span class='ocrx_word' id='word_1_175' title='bbox 440 3005 536 3065; x_wconf 90' lang='lat' dir='ltr'><strong>quarto</strong></span> <span class='ocrx_word' id='word_1_176' title='bbox 548 2997 703 3071; x_wconf 73' lang='lat' dir='ltr'><strong>dactylum:</strong></span> <span class='ocrx_word' id='word_1_177' title='bbox 847 2985 856 2993; x_wconf 50' lang='lat'>⁸</span> 
     </span>
    </p>

    <p class='ocr_par' dir='ltr' id='par_1_13' title="bbox 108 3078 859 3246">
     <span class='ocr_line' id='line_1_30' title="bbox 203 3078 859 3148; baseline 0.02 -16"><span class='ocrx_word' id='word_1_178' title='bbox 203 3081 231 3132; x_wconf 88' lang='lat' dir='ltr'><strong>ln</strong></span> <span class='ocrx_word' id='word_1_179' title='bbox 241 3095 315 3134; x_wconf 88' lang='lat' dir='ltr'><strong>eruce</strong></span> <span class='ocrx_word' id='word_1_180' title='bbox 325 3096 459 3148; x_wconf 77' lang='lat' dir='ltr'><strong>suspensus</strong></span> <span class='ocrx_word' id='word_1_181' title='bbox 469 3088 522 3138; x_wconf 88' lang='lat' dir='ltr'><strong>sine</strong></span> <span class='ocrx_word' id='word_1_182' title='bbox 535 3090 637 3142; x_wconf 87' lang='lat' dir='ltr'><strong>crimine</strong></span> <span class='ocrx_word' id='word_1_183' title='bbox 649 3078 724 3144; x_wconf 84' lang='lat' dir='ltr'><strong>ralrat</strong></span> <span class='ocrx_word' id='word_1_184' title='bbox 735 3092 859 3145; x_wconf 85' lang='lat' dir='ltr'><strong>mnndum.</strong></span> 
     </span>
     <span class='ocr_line' id='line_1_31' title="bbox 108 3161 717 3246; baseline 0.013 -26"><span class='ocrx_word' id='word_1_185' title='bbox 108 3161 183 3221; x_wconf 85' lang='lat' dir='ltr'><strong>Loco</strong></span> <span class='ocrx_word' id='word_1_186' title='bbox 196 3166 292 3236; x_wconf 86' lang='lat' dir='ltr'><strong>prino,</strong></span> <span class='ocrx_word' id='word_1_187' title='bbox 307 3167 387 3224; x_wconf 87' lang='lat' dir='ltr'><strong>tertio</strong></span> <span class='ocrx_word' id='word_1_188' title='bbox 400 3177 427 3227; x_wconf 89' lang='lat' dir='ltr'><strong>et</strong></span> <span class='ocrx_word' id='word_1_189' title='bbox 440 3171 543 3242; x_wconf 88' lang='lat' dir='ltr'><strong>quinto,</strong></span> <span class='ocrx_word' id='word_1_190' title='bbox 557 3172 693 3246; x_wconf 87' lang='lat' dir='ltr'><strong>dactylum</strong></span> <span class='ocrx_word' id='word_1_191' title='bbox 711 3193 717 3228; x_wconf 94' lang='lat'>:</span> 
     </span>
    </p>

    <p class='ocr_par' dir='ltr' id='par_1_14' title="bbox 108 3255 758 3422">
     <span class='ocr_line' id='line_1_32' title="bbox 202 3255 758 3326; baseline 0.018 -18"><span class='ocrx_word' id='word_1_192' title='bbox 202 3255 318 3309; x_wconf 82' lang='lat' dir='ltr'><strong>Omnibus</strong></span> <span class='ocrx_word' id='word_1_193' title='bbox 329 3261 354 3309; x_wconf 89' lang='lat' dir='ltr'><strong>in</strong></span> <span class='ocrx_word' id='word_1_194' title='bbox 363 3258 431 3322; x_wconf 83' lang='lat' dir='ltr'><strong>ligno</strong></span> <span class='ocrx_word' id='word_1_195' title='bbox 443 3261 528 3313; x_wconf 88' lang='lat' dir='ltr'><strong>tribuit</strong></span> <span class='ocrx_word' id='word_1_196' title='bbox 537 3275 638 3326; x_wconf 88' lang='lat' dir='ltr'><strong>sperare</strong></span> <span class='ocrx_word' id='word_1_197' title='bbox 646 3263 758 3318; x_wconf 87' lang='lat' dir='ltr'><strong>salntem.</strong></span> 
     </span>
     <span class='ocr_line' id='line_1_33' title="bbox 108 3339 718 3422; baseline 0.016 -27"><span class='ocrx_word' id='word_1_198' title='bbox 108 3339 185 3397; x_wconf 84' lang='lat' dir='ltr'><strong>hoco</strong></span> <span class='ocrx_word' id='word_1_199' title='bbox 196 3343 292 3412; x_wconf 90' lang='lat' dir='ltr'><strong>primo,</strong></span> <span class='ocrx_word' id='word_1_200' title='bbox 307 3353 404 3416; x_wconf 91' lang='lat' dir='ltr'><strong>quarto</strong></span> <span class='ocrx_word' id='word_1_201' title='bbox 414 3354 442 3401; x_wconf 91' lang='lat' dir='ltr'><strong>ct</strong></span> <span class='ocrx_word' id='word_1_202' title='bbox 453 3347 547 3416; x_wconf 89' lang='lat' dir='ltr'><strong>quinto</strong></span> <span class='ocrx_word' id='word_1_203' title='bbox 560 3350 698 3422; x_wconf 89' lang='lat' dir='ltr'><strong>dactylum</strong></span> <span class='ocrx_word' id='word_1_204' title='bbox 711 3369 718 3405; x_wconf 75' lang='grc' dir='ltr'><strong><em>ε</em></strong></span> 
     </span>
    </p>

    <p class='ocr_par' dir='ltr' id='par_1_15' title="bbox 200 3421 790 3504">
     <span class='ocr_line' id='line_1_34' title="bbox 200 3421 790 3504; baseline 0.019 -20"><span class='ocrx_word' id='word_1_205' title='bbox 200 3421 228 3484; x_wconf 85' lang='lat' dir='ltr'><strong>ln</strong></span> <span class='ocrx_word' id='word_1_206' title='bbox 239 3446 312 3486; x_wconf 74' lang='lat' dir='ltr'><strong>uoce</strong></span> <span class='ocrx_word' id='word_1_207' title='bbox 323 3437 486 3500; x_wconf 72' lang='lat' dir='ltr'><strong>condrucium</strong></span> <span class='ocrx_word' id='word_1_208' title='bbox 497 3438 584 3502; x_wconf 73' lang='lat' dir='ltr'><strong>saecula</strong></span> <span class='ocrx_word' id='word_1_209' title='bbox 596 3443 674 3504; x_wconf 90' lang='lat' dir='ltr'><strong>prisca</strong></span> <span class='ocrx_word' id='word_1_210' title='bbox 685 3444 790 3496; x_wconf 84' lang='lat' dir='ltr'><strong>notarit.</strong></span> 
     </span>
    </p>

    <p class='ocr_par' dir='ltr' id='par_1_16' title="bbox 108 3518 763 3597">
     <span class='ocr_line' id='line_1_35' title="bbox 108 3518 763 3597; baseline 0.017 -24"><span class='ocrx_word' id='word_1_211' title='bbox 108 3518 182 3574; x_wconf 85' lang='lat' dir='ltr'><strong>Loco</strong></span> <span class='ocrx_word' id='word_1_212' title='bbox 196 3521 326 3590; x_wconf 86' lang='lat' dir='ltr'><strong>secundo,</strong></span> <span class='ocrx_word' id='word_1_213' title='bbox 341 3522 422 3579; x_wconf 88' lang='lat' dir='ltr'><strong>tertio</strong></span> <span class='ocrx_word' id='word_1_214' title='bbox 434 3530 462 3580; x_wconf 86' lang='lat' dir='ltr'><strong>et</strong></span> <span class='ocrx_word' id='word_1_215' title='bbox 480 3534 587 3595; x_wconf 92' lang='lat' dir='ltr'><strong>quarto,</strong></span> <span class='ocrx_word' id='word_1_216' title='bbox 601 3525 738 3597; x_wconf 90' lang='lat' dir='ltr'><strong>dactylum</strong></span> <span class='ocrx_word' id='word_1_217' title='bbox 754 3544 763 3584; x_wconf 75' lang='grc' dir='ltr'>ι</span> 
     </span>
    </p>

    <p class='ocr_par' dir='ltr' id='par_1_17' title="bbox 109 3608 819 3771">
     <span class='ocr_line' id='line_1_36' title="bbox 202 3608 819 3674; baseline 0.016 -16"><span class='ocrx_word' id='word_1_218' title='bbox 202 3608 316 3661; x_wconf 76' lang='lat' dir='ltr'><strong>hundam</strong></span> <span class='ocrx_word' id='word_1_219' title='bbox 325 3611 375 3674; x_wconf 86' lang='lat' dir='ltr'><strong>jam</strong></span> <span class='ocrx_word' id='word_1_220' title='bbox 388 3616 526 3664; x_wconf 83' lang='lat' dir='ltr'><strong>veneranda</strong></span> <span class='ocrx_word' id='word_1_221' title='bbox 541 3614 591 3666; x_wconf 87' lang='lat' dir='ltr'><strong>Det</strong></span> <span class='ocrx_word' id='word_1_222' title='bbox 602 3617 700 3670; x_wconf 89' lang='lat' dir='ltr'><strong>soboles</strong></span> <span class='ocrx_word' id='word_1_223' title='bbox 711 3619 819 3670; x_wconf 86' lang='lat' dir='ltr'><strong>salvarit.</strong></span> 
     </span>
     <span class='ocr_line' id='line_1_37' title="bbox 109 3688 741 3771; baseline 0.017 -27"><span class='ocrx_word' id='word_1_224' title='bbox 109 3688 183 3744; x_wconf 83' lang='lat' dir='ltr'><strong>Loco</strong></span> <span class='ocrx_word' id='word_1_225' title='bbox 193 3691 322 3762; x_wconf 87' lang='lat' dir='ltr'><strong>secundo,</strong></span> <span class='ocrx_word' id='word_1_226' title='bbox 337 3695 416 3749; x_wconf 92' lang='lat' dir='ltr'><strong>tertio</strong></span> <span class='ocrx_word' id='word_1_227' title='bbox 427 3704 454 3750; x_wconf 91' lang='lat' dir='ltr'><strong>et</strong></span> <span class='ocrx_word' id='word_1_228' title='bbox 467 3696 569 3765; x_wconf 91' lang='lat' dir='ltr'><strong>quinto,</strong></span> <span class='ocrx_word' id='word_1_229' title='bbox 585 3698 741 3771; x_wconf 88' lang='lat' dir='ltr'><strong>dactylum:</strong></span> 
     </span>
    </p>

    <p class='ocr_par' dir='ltr' id='par_1_18' title="bbox 112 3777 854 3945">
     <span class='ocr_line' id='line_1_38' title="bbox 205 3777 854 3854; baseline 0.023 -25"><span class='ocrx_word' id='word_1_230' title='bbox 205 3777 299 3830; x_wconf 83' lang='lat' dir='ltr'><strong>Christo</strong></span> <span class='ocrx_word' id='word_1_231' title='bbox 307 3782 492 3837; x_wconf 83' lang='lat' dir='ltr'><strong>concelebretur</strong></span> <span class='ocrx_word' id='word_1_232' title='bbox 503 3787 579 3839; x_wconf 89' lang='lat' dir='ltr'><strong>bonor</strong></span> <span class='ocrx_word' id='word_1_233' title='bbox 590 3790 632 3852; x_wconf 92' lang='lat' dir='ltr'><strong>qui</strong></span> <span class='ocrx_word' id='word_1_234' title='bbox 644 3791 715 3842; x_wconf 83' lang='lat' dir='ltr'><strong>saecia</strong></span> <span class='ocrx_word' id='word_1_235' title='bbox 726 3793 854 3854; x_wconf 86' lang='lat' dir='ltr'><strong>gubernat.</strong></span> 
     </span>
     <span class='ocr_line' id='line_1_39' title="bbox 112 3857 774 3945; baseline 0.024 -33"><span class='ocrx_word' id='word_1_236' title='bbox 112 3857 190 3914; x_wconf 88' lang='lat' dir='ltr'><strong>Loco</strong></span> <span class='ocrx_word' id='word_1_237' title='bbox 205 3861 336 3930; x_wconf 88' lang='lat' dir='ltr'><strong>secundo,</strong></span> <span class='ocrx_word' id='word_1_238' title='bbox 351 3875 441 3932; x_wconf 89' lang='lat' dir='ltr'><strong>quarto</strong></span> <span class='ocrx_word' id='word_1_239' title='bbox 454 3877 480 3923; x_wconf 90' lang='lat' dir='ltr'><strong>et</strong></span> <span class='ocrx_word' id='word_1_240' title='bbox 493 3869 596 3938; x_wconf 89' lang='lat' dir='ltr'><strong>quinto,</strong></span> <span class='ocrx_word' id='word_1_241' title='bbox 614 3870 750 3945; x_wconf 86' lang='lat' dir='ltr'><strong>dactylum</strong></span> <span class='ocrx_word' id='word_1_242' title='bbox 768 3893 774 3927; x_wconf 76' lang='grc' dir='ltr'>ι</span> 
     </span>
    </p>

    <p class='ocr_par' dir='ltr' id='par_1_19' title="bbox 203 3951 807 4025">
     <span class='ocr_line' id='line_1_40' title="bbox 203 3951 807 4025; baseline 0.022 -22"><span class='ocrx_word' id='word_1_243' title='bbox 203 3951 298 4004; x_wconf 85' lang='lat' dir='ltr'><strong>Christo</strong></span> <span class='ocrx_word' id='word_1_244' title='bbox 308 3957 462 4012; x_wconf 85' lang='lat' dir='ltr'><strong>concelebret</strong></span> <span class='ocrx_word' id='word_1_245' title='bbox 471 3963 589 4025; x_wconf 82' lang='lat' dir='ltr'><strong>praeconia</strong></span> <span class='ocrx_word' id='word_1_246' title='bbox 600 3963 682 4015; x_wconf 88' lang='lat' dir='ltr'><strong>dehita</strong></span> <span class='ocrx_word' id='word_1_247' title='bbox 696 3966 807 4017; x_wconf 84' lang='lat' dir='ltr'><strong>mundns.</strong></span> 
     </span>
    </p>

    <p class='ocr_par' dir='ltr' id='par_1_20' title="bbox 111 4032 762 4121">
     <span class='ocr_line' id='line_1_41' title="bbox 111 4032 762 4121; baseline 0.023 -33"><span class='ocrx_word' id='word_1_248' title='bbox 111 4032 185 4088; x_wconf 82' lang='lat' dir='ltr'><strong>Loco</strong></span> <span class='ocrx_word' id='word_1_249' title='bbox 199 4035 278 4090; x_wconf 90' lang='lat' dir='ltr'><strong>tertio</strong></span> <span class='ocrx_word' id='word_1_250' title='bbox 292 4045 320 4093; x_wconf 91' lang='lat' dir='ltr'><strong>et</strong></span> <span class='ocrx_word' id='word_1_251' title='bbox 335 4051 430 4108; x_wconf 90' lang='lat' dir='ltr'><strong>quarto</strong></span> <span class='ocrx_word' id='word_1_252' title='bbox 445 4052 471 4097; x_wconf 91' lang='lat' dir='ltr'><strong>et</strong></span> <span class='ocrx_word' id='word_1_253' title='bbox 485 4045 590 4113; x_wconf 87' lang='lat' dir='ltr'><strong>quintu,</strong></span> <span class='ocrx_word' id='word_1_254' title='bbox 606 4042 740 4121; x_wconf 85' lang='lat' dir='ltr'><strong>dactylum</strong></span> <span class='ocrx_word' id='word_1_255' title='bbox 756 4069 762 4103; x_wconf 95' lang='lat'>:</span> 
     </span>
    </p>

    <p class='ocr_par' dir='ltr' id='par_1_21' title="bbox 202 4125 899 4201">
     <span class='ocr_line' id='line_1_42' title="bbox 202 4125 899 4201; baseline 0.029 -27"><span class='ocrx_word' id='word_1_256' title='bbox 202 4125 302 4190; x_wconf 83' lang='lat' dir='ltr'><strong>Emptos</strong></span> <span class='ocrx_word' id='word_1_257' title='bbox 311 4128 415 4195; x_wconf 83' lang='lat' dir='ltr'><strong>Christo,</strong></span> <span class='ocrx_word' id='word_1_258' title='bbox 425 4135 599 4188; x_wconf 88' lang='lat' dir='ltr'><strong>concelebrans</strong></span> <span class='ocrx_word' id='word_1_259' title='bbox 607 4143 899 4201; x_wconf 78' lang='lat' dir='ltr'><strong>tanecarminamnndus.</strong></span> 
     </span>
    </p>

    <p class='ocr_par' dir='ltr' id='par_1_22' title="bbox 110 4206 901 4478">
     <span class='ocr_line' id='line_1_43' title="bbox 148 4206 901 4291; baseline 0.027 -30"><span class='ocrx_word' id='word_1_260' title='bbox 148 4207 178 4261; x_wconf 91' lang='lat' dir='ltr'><strong>h.</strong></span> <span class='ocrx_word' id='word_1_261' title='bbox 192 4206 220 4262; x_wconf 90' lang='lat' dir='ltr'><strong>lu</strong></span> <span class='ocrx_word' id='word_1_262' title='bbox 235 4224 313 4266; x_wconf 91' lang='lat' dir='ltr'><strong>rerso</strong></span> <span class='ocrx_word' id='word_1_263' title='bbox 335 4229 378 4267; x_wconf 87' lang='lat' dir='ltr'><strong>xrr</strong></span> <span class='ocrx_word' id='word_1_264' title='bbox 393 4217 556 4287; x_wconf 86' lang='lat' dir='ltr'><strong>syllabarum</strong></span> <span class='ocrx_word' id='word_1_265' title='bbox 575 4230 640 4291; x_wconf 90' lang='lat' dir='ltr'><strong>quot</strong></span> <span class='ocrx_word' id='word_1_266' title='bbox 658 4223 796 4281; x_wconf 89' lang='lat' dir='ltr'><strong>schemata</strong></span> <span class='ocrx_word' id='word_1_267' title='bbox 813 4228 901 4281; x_wconf 91' lang='lat' dir='ltr'><strong>couti·</strong></span> 
     </span>
     <span class='ocr_line' id='line_1_44' title="bbox 110 4302 900 4387; baseline 0.025 -32"><span class='ocrx_word' id='word_1_268' title='bbox 110 4302 224 4358; x_wconf 84' lang='lat' dir='ltr'><strong>uenturi</strong></span> <span class='ocrx_word' id='word_1_269' title='bbox 236 4332 272 4344; x_wconf 85' lang='lat'><em>-</em></span> <span class='ocrx_word' id='word_1_270' title='bbox 282 4304 316 4359; x_wconf 90' lang='grc' dir='ltr'><strong>Μ.</strong></span> <span class='ocrx_word' id='word_1_271' title='bbox 332 4307 455 4364; x_wconf 85' lang='lat' dir='ltr'><strong>Totidem</strong></span> <span class='ocrx_word' id='word_1_272' title='bbox 471 4314 575 4381; x_wconf 87' lang='lat' dir='ltr'><strong>species</strong></span> <span class='ocrx_word' id='word_1_273' title='bbox 590 4314 670 4372; x_wconf 87' lang='lat' dir='ltr'><strong>habet</strong></span> <span class='ocrx_word' id='word_1_274' title='bbox 682 4327 747 4387; x_wconf 89' lang='lat' dir='ltr'><strong>quot</strong></span> <span class='ocrx_word' id='word_1_275' title='bbox 766 4319 793 4374; x_wconf 91' lang='lat' dir='ltr'><strong>in</strong></span> <span class='ocrx_word' id='word_1_276' title='bbox 809 4323 900 4376; x_wconf 74' lang='lat' dir='ltr'><strong>trede</strong></span> 
     </span>
     <span class='ocr_line' id='line_1_45' title="bbox 111 4395 682 4478; baseline 0.023 -30"><span class='ocrx_word' id='word_1_277' title='bbox 111 4395 227 4463; x_wconf 83' lang='lat' dir='ltr'><strong>cimy‘am</strong></span> <span class='ocrx_word' id='word_1_278' title='bbox 244 4395 430 4468; x_wconf 78' lang='lat' dir='ltr'><strong>patefecimus,</strong></span> <span class='ocrx_word' id='word_1_279' title='bbox 445 4402 471 4456; x_wconf 91' lang='lat' dir='ltr'><strong>id</strong></span> <span class='ocrx_word' id='word_1_280' title='bbox 487 4413 537 4471; x_wconf 91' lang='lat' dir='ltr'><strong>est,</strong></span> <span class='ocrx_word' id='word_1_281' title='bbox 555 4408 682 4478; x_wconf 80' lang='lat' dir='ltr'><strong>quinque.</strong></span> 
     </span>
    </p>
   </div>
   <div class='ocr_carea' id='block_1_4' title="bbox 110 368 1842 560">
    <p class='ocr_par' dir='ltr' id='par_1_23' title="bbox 110 368 1842 560">
     <span class='ocr_line' id='line_1_46' title="bbox 571 368 1259 434; baseline -0.003 -5"><span class='ocrx_word' id='word_1_282' title='bbox 571 373 668 434; x_wconf 78' lang='lat' dir='ltr'><strong>alosa</strong></span> <span class='ocrx_word' id='word_1_283' title='bbox 689 373 734 429; x_wconf 82' lang='lat' dir='ltr'><strong>ott</strong></span> <span class='ocrx_word' id='word_1_284' title='bbox 756 368 974 429; x_wconf 81' lang='lat' dir='ltr'><strong>surtohahto</strong></span> <span class='ocrx_word' id='word_1_285' title='bbox 992 372 1038 428; x_wconf 79' lang='grc' dir='ltr'><strong>ΕΤ</strong></span> <span class='ocrx_word' id='word_1_286' title='bbox 1057 373 1100 428; x_wconf 81' lang='lat' dir='ltr'><strong>PE</strong></span> <span class='ocrx_word' id='word_1_287' title='bbox 1120 371 1259 430; x_wconf 79' lang='lat' dir='ltr'><strong>nothis.</strong></span> 
     </span>
     <span class='ocr_line' id='line_1_47' title="bbox 110 482 1842 560; baseline -0.005 -11"><span class='ocrx_word' id='word_1_288' title='bbox 110 496 239 560; x_wconf 79' lang='lat' dir='ltr'><strong>iecerunt,</strong></span> <span class='ocrx_word' id='word_1_289' title='bbox 254 488 348 544; x_wconf 86' lang='lat' dir='ltr'><strong>docem</strong></span> <span class='ocrx_word' id='word_1_290' title='bbox 371 485 563 553; x_wconf 86' lang='lat' dir='ltr'><strong>schematibus,</strong></span> <span class='ocrx_word' id='word_1_291' title='bbox 579 496 608 541; x_wconf 92' lang='lat' dir='ltr'><strong>ut</strong></span> <span class='ocrx_word' id='word_1_292' title='bbox 630 487 676 542; x_wconf 92' lang='lat' dir='ltr'><strong>ille</strong></span> <span class='ocrx_word' id='word_1_293' title='bbox 689 487 772 557; x_wconf 90' lang='lat' dir='ltr'><strong>prior,</strong></span> <span class='ocrx_word' id='word_1_294' title='bbox 787 498 896 554; x_wconf 85' lang='lat' dir='ltr'><strong>compo·</strong></span> <span class='ocrx_word' id='word_1_295' title='bbox 909 482 936 541; x_wconf 81' lang='grc' dir='ltr'><strong>Δ</strong></span> <span class='ocrx_word' id='word_1_296' title='bbox 948 483 1064 554; x_wconf 89' lang='lat' dir='ltr'><strong>quinque</strong></span> <span class='ocrx_word' id='word_1_297' title='bbox 1077 483 1144 539; x_wconf 89' lang='lat' dir='ltr'><strong>locis</strong></span> <span class='ocrx_word' id='word_1_298' title='bbox 1157 483 1308 551; x_wconf 79' lang='lat' dir='ltr'><strong>invertitur,</strong></span> <span class='ocrx_word' id='word_1_299' title='bbox 1323 482 1357 538; x_wconf 85' lang='lat' dir='ltr'><strong>ita</strong></span> <span class='ocrx_word' id='word_1_300' title='bbox 1374 485 1399 539; x_wconf 92' lang='lat' dir='ltr'><strong>iu</strong></span> <span class='ocrx_word' id='word_1_301' title='bbox 1414 484 1464 541; x_wconf 93' lang='lat' dir='ltr'><strong>hoc</strong></span> <span class='ocrx_word' id='word_1_302' title='bbox 1479 484 1596 540; x_wconf 87' lang='lat' dir='ltr'><strong>sedecim</strong></span> <span class='ocrx_word' id='word_1_303' title='bbox 1612 486 1733 557; x_wconf 88' lang='lat' dir='ltr'><strong>syllaba·</strong></span> <span class='ocrx_word' id='word_1_304' title='bbox 1830 495 1842 507; x_wconf 82' lang='grc'><em>“</em></span> 
     </span>
    </p>
   </div>
   <div class='ocr_carea' id='block_1_5' title="bbox 1685 376 1737 431">
    <p class='ocr_par' dir='ltr' id='par_1_24' title="bbox 1685 376 1737 431">
     <span class='ocr_line' id='line_1_48' title="bbox 1685 376 1737 431; baseline 0.038 -2"><span class='ocrx_word' id='word_1_305' title='bbox 1685 376 1737 431; x_wconf 82' lang='lat' dir='ltr'><strong>ttt</strong></span> 
     </span>
    </p>
   </div>
   <div class='ocr_carea' id='block_1_6' title="bbox 949 572 1738 1799">
    <p class='ocr_par' dir='ltr' id='par_1_25' title="bbox 949 572 1738 1799">
     <span class='ocr_line' id='line_1_49' title="bbox 950 572 1735 645; baseline 0.004 -18"><span class='ocrx_word' id='word_1_306' title='bbox 950 589 1009 628; x_wconf 91' lang='lat' dir='ltr'><strong>rum</strong></span> <span class='ocrx_word' id='word_1_307' title='bbox 1022 572 1164 639; x_wconf 84' lang='lat' dir='ltr'><strong>spondmus</strong></span> <span class='ocrx_word' id='word_1_308' title='bbox 1178 573 1274 628; x_wconf 87' lang='lat' dir='ltr'><strong>iisdem</strong></span> <span class='ocrx_word' id='word_1_309' title='bbox 1288 573 1354 629; x_wconf 91' lang='lat' dir='ltr'><strong>locis</strong></span> <span class='ocrx_word' id='word_1_310' title='bbox 1367 573 1501 631; x_wconf 88' lang='lat' dir='ltr'><strong>alternare</strong></span> <span class='ocrx_word' id='word_1_311' title='bbox 1511 578 1696 645; x_wconf 73' lang='lat' dir='ltr'><strong>cognoscitur,</strong></span> <span class='ocrx_word' id='word_1_312' title='bbox 1708 587 1735 631; x_wconf 90' lang='lat' dir='ltr'><strong>et</strong></span> 
     </span>
     <span class='ocr_line' id='line_1_50' title="bbox 950 661 1736 737; baseline 0.006 -19"><span class='ocrx_word' id='word_1_313' title='bbox 950 661 1073 718; x_wconf 89' lang='lat' dir='ltr'><strong>dicuutur</strong></span> <span class='ocrx_word' id='word_1_314' title='bbox 1105 663 1290 732; x_wconf 86' lang='lat' dir='ltr'><strong>pentaschemi</strong></span> <span class='ocrx_word' id='word_1_315' title='bbox 1323 673 1433 734; x_wconf 90' lang='lat' dir='ltr'><strong>propter</strong></span> <span class='ocrx_word' id='word_1_316' title='bbox 1461 666 1587 734; x_wconf 74' lang='lat' dir='ltr'><strong>praedicta</strong></span> <span class='ocrx_word' id='word_1_317' title='bbox 1619 667 1736 737; x_wconf 88' lang='lat' dir='ltr'><strong>quinque</strong></span> 
     </span>
     <span class='ocr_line' id='line_1_51' title="bbox 949 751 1093 808; baseline 0.007 -1"><span class='ocrx_word' id='word_1_318' title='bbox 949 751 1093 808; x_wconf 90' lang='lat' dir='ltr'><strong>schemata.</strong></span> 
     </span>
     <span class='ocr_line' id='line_1_52' title="bbox 985 843 1738 920; baseline 0.009 -24"><span class='ocrx_word' id='word_1_319' title='bbox 985 843 1186 900; x_wconf 64' lang='lat' dir='ltr'><strong>oberantem</strong></span> <span class='ocrx_word' id='word_1_320' title='bbox 1197 845 1360 902; x_wconf 78' lang='lat' dir='ltr'><strong>schematum</strong></span> <span class='ocrx_word' id='word_1_321' title='bbox 1371 847 1486 917; x_wconf 80' lang='lat' dir='ltr'><strong>species,</strong></span> <span class='ocrx_word' id='word_1_322' title='bbox 1496 862 1555 920; x_wconf 84' lang='lat' dir='ltr'><strong>quoe</strong></span> <span class='ocrx_word' id='word_1_323' title='bbox 1564 847 1738 917; x_wconf 80' lang='lat' dir='ltr'><strong>ordineprm·</strong></span> 
     </span>
     <span class='ocr_line' id='line_1_53' title="bbox 949 935 1735 1008; baseline 0.014 -23"><span class='ocrx_word' id='word_1_324' title='bbox 949 941 1057 1002; x_wconf 90' lang='lat' dir='ltr'><strong>postero</strong></span> <span class='ocrx_word' id='word_1_325' title='bbox 1071 935 1316 1004; x_wconf 88' lang='lat' dir='ltr'><strong>poeticisrersibus</strong></span> <span class='ocrx_word' id='word_1_326' title='bbox 1337 937 1448 1007; x_wconf 80' lang='lat' dir='ltr'><strong>protare</strong></span> <span class='ocrx_word' id='word_1_327' title='bbox 1462 947 1536 1006; x_wconf 90' lang='lat' dir='ltr'><strong>sunt,</strong></span> <span class='ocrx_word' id='word_1_328' title='bbox 1551 954 1598 1008; x_wconf 90' lang='lat' dir='ltr'><strong>per</strong></span> <span class='ocrx_word' id='word_1_329' title='bbox 1612 939 1735 996; x_wconf 90' lang='lat' dir='ltr'><strong>ordinem</strong></span> 
     </span>
     <span class='ocr_line' id='line_1_54' title="bbox 950 1023 1735 1101; baseline 0.011 -22"><span class='ocrx_word' id='word_1_330' title='bbox 950 1023 1069 1093; x_wconf 78' lang='lat' dir='ltr'><strong>legitime</strong></span> <span class='ocrx_word' id='word_1_331' title='bbox 1079 1025 1222 1096; x_wconf 77' lang='lat' dir='ltr'><strong>quinquies</strong></span> <span class='ocrx_word' id='word_1_332' title='bbox 1232 1029 1373 1100; x_wconf 85' lang='lat' dir='ltr'><strong>quinquies</strong></span> <span class='ocrx_word' id='word_1_333' title='bbox 1379 1030 1515 1101; x_wconf 85' lang='lat' dir='ltr'><strong>¹quadrare</strong></span> <span class='ocrx_word' id='word_1_334' title='bbox 1525 1032 1668 1088; x_wconf 85' lang='lat' dir='ltr'><strong>absurdum</strong></span> <span class='ocrx_word' id='word_1_335' title='bbox 1682 1047 1735 1088; x_wconf 91' lang='lat' dir='ltr'><strong>non</strong></span> 
     </span>
     <span class='ocr_line' id='line_1_55' title="bbox 949 1116 1734 1195; baseline 0.013 -24"><span class='ocrx_word' id='word_1_336' title='bbox 949 1116 1055 1186; x_wconf 91' lang='lat' dir='ltr'><strong>opinor.</strong></span> <span class='ocrx_word' id='word_1_337' title='bbox 1069 1145 1105 1158; x_wconf 90' lang='lat'><em>-</em></span> <span class='ocrx_word' id='word_1_338' title='bbox 1119 1116 1155 1171; x_wconf 85' lang='grc' dir='ltr'><strong>Μ.</strong></span> <span class='ocrx_word' id='word_1_339' title='bbox 1170 1117 1300 1174; x_wconf 87' lang='lat' dir='ltr'><strong>lleroicus</strong></span> <span class='ocrx_word' id='word_1_340' title='bbox 1316 1135 1409 1178; x_wconf 90' lang='lat' dir='ltr'><strong>rersus</strong></span> <span class='ocrx_word' id='word_1_341' title='bbox 1424 1138 1467 1178; x_wconf 76' lang='grc' dir='ltr'><strong>ιιι</strong></span> <span class='ocrx_word' id='word_1_342' title='bbox 1479 1124 1602 1194; x_wconf 80' lang='lat' dir='ltr'><strong>syllabis,</strong></span> <span class='ocrx_word' id='word_1_343' title='bbox 1617 1135 1734 1195; x_wconf 90' lang='lat' dir='ltr'><strong>quatuor</strong></span> 
     </span>
     <span class='ocr_line' id='line_1_56' title="bbox 950 1205 1676 1282; baseline 0.014 -23"><span class='ocrx_word' id='word_1_344' title='bbox 950 1205 1062 1276; x_wconf 83' lang='lat' dir='ltr'><strong>dactylis</strong></span> <span class='ocrx_word' id='word_1_345' title='bbox 1072 1215 1208 1274; x_wconf 83' lang='lat' dir='ltr'><strong>constans,</strong></span> <span class='ocrx_word' id='word_1_346' title='bbox 1223 1207 1340 1281; x_wconf 86' lang='lat' dir='ltr'><strong>quinque</strong></span> <span class='ocrx_word' id='word_1_347' title='bbox 1354 1212 1457 1282; x_wconf 90' lang='lat' dir='ltr'><strong>species</strong></span> <span class='ocrx_word' id='word_1_348' title='bbox 1470 1214 1600 1279; x_wconf 90' lang='lat' dir='ltr'><strong>continet,</strong></span> <span class='ocrx_word' id='word_1_349' title='bbox 1614 1215 1650 1269; x_wconf 85' lang='lat' dir='ltr'><strong>ita</strong></span> <span class='ocrx_word' id='word_1_350' title='bbox 1669 1235 1676 1269; x_wconf 76' lang='grc' dir='ltr'>ι</span> 
     </span>
     <span class='ocr_line' id='line_1_57' title="bbox 950 1293 1684 1374; baseline 0.011 -24"><span class='ocrx_word' id='word_1_351' title='bbox 950 1293 1020 1352; x_wconf 86' lang='lat' dir='ltr'><strong>Loco</strong></span> <span class='ocrx_word' id='word_1_352' title='bbox 1033 1295 1129 1364; x_wconf 91' lang='lat' dir='ltr'><strong>primo,</strong></span> <span class='ocrx_word' id='word_1_353' title='bbox 1144 1297 1273 1367; x_wconf 90' lang='lat' dir='ltr'><strong>secondo,</strong></span> <span class='ocrx_word' id='word_1_354' title='bbox 1290 1299 1369 1354; x_wconf 89' lang='lat' dir='ltr'><strong>tertio</strong></span> <span class='ocrx_word' id='word_1_355' title='bbox 1381 1308 1409 1355; x_wconf 92' lang='lat' dir='ltr'><strong>et</strong></span> <span class='ocrx_word' id='word_1_356' title='bbox 1418 1313 1513 1371; x_wconf 90' lang='lat' dir='ltr'><strong>quarto</strong></span> <span class='ocrx_word' id='word_1_357' title='bbox 1528 1301 1684 1374; x_wconf 87' lang='lat' dir='ltr'><strong>dactylum:</strong></span> 
     </span>
     <span class='ocr_line' id='line_1_58' title="bbox 1026 1384 1688 1444; baseline 0.011 -7"><span class='ocrx_word' id='word_1_358' title='bbox 1026 1384 1080 1437; x_wconf 86' lang='lat' dir='ltr'><strong>lam</strong></span> <span class='ocrx_word' id='word_1_359' title='bbox 1091 1387 1228 1438; x_wconf 80' lang='lat' dir='ltr'><strong>ueneranda</strong></span> <span class='ocrx_word' id='word_1_360' title='bbox 1239 1388 1287 1439; x_wconf 88' lang='lat' dir='ltr'><strong>Dei</strong></span> <span class='ocrx_word' id='word_1_361' title='bbox 1297 1389 1395 1441; x_wconf 87' lang='lat' dir='ltr'><strong>soboles</strong></span> <span class='ocrx_word' id='word_1_362' title='bbox 1405 1403 1478 1441; x_wconf 73' lang='lat' dir='ltr'><strong>nuce</strong></span> <span class='ocrx_word' id='word_1_363' title='bbox 1488 1391 1565 1442; x_wconf 89' lang='lat' dir='ltr'><strong>salrat</strong></span> <span class='ocrx_word' id='word_1_364' title='bbox 1574 1395 1688 1444; x_wconf 89' lang='lat' dir='ltr'><strong>mundum</strong></span> 
     </span>
     <span class='ocr_line' id='line_1_59' title="bbox 950 1469 1697 1545; baseline 0.007 -20"><span class='ocrx_word' id='word_1_365' title='bbox 950 1469 1021 1525; x_wconf 85' lang='lat' dir='ltr'><strong>Loco</strong></span> <span class='ocrx_word' id='word_1_366' title='bbox 1035 1470 1131 1539; x_wconf 90' lang='lat' dir='ltr'><strong>primo,</strong></span> <span class='ocrx_word' id='word_1_367' title='bbox 1143 1472 1271 1538; x_wconf 87' lang='lat' dir='ltr'><strong>secundo,</strong></span> <span class='ocrx_word' id='word_1_368' title='bbox 1284 1472 1374 1540; x_wconf 89' lang='lat' dir='ltr'><strong>tertio,</strong></span> <span class='ocrx_word' id='word_1_369' title='bbox 1392 1481 1420 1528; x_wconf 91' lang='lat' dir='ltr'><strong>ct</strong></span> <span class='ocrx_word' id='word_1_370' title='bbox 1432 1474 1524 1542; x_wconf 91' lang='lat' dir='ltr'><strong>quinto</strong></span> <span class='ocrx_word' id='word_1_371' title='bbox 1536 1473 1672 1545; x_wconf 87' lang='lat' dir='ltr'><strong>dactylum</strong></span> <span class='ocrx_word' id='word_1_372' title='bbox 1689 1493 1697 1530; x_wconf 78' lang='grc' dir='ltr'>ι</span> 
     </span>
     <span class='ocr_line' id='line_1_60' title="bbox 1025 1561 1697 1619; baseline 0.013 -9"><span class='ocrx_word' id='word_1_373' title='bbox 1025 1561 1078 1610; x_wconf 80' lang='lat' dir='ltr'><strong>iam</strong></span> <span class='ocrx_word' id='word_1_374' title='bbox 1087 1561 1225 1614; x_wconf 74' lang='lat' dir='ltr'><strong>veneranda</strong></span> <span class='ocrx_word' id='word_1_375' title='bbox 1236 1561 1283 1614; x_wconf 80' lang='lat' dir='ltr'><strong>liei</strong></span> <span class='ocrx_word' id='word_1_376' title='bbox 1294 1563 1392 1614; x_wconf 85' lang='lat' dir='ltr'><strong>solrolcs</strong></span> <span class='ocrx_word' id='word_1_377' title='bbox 1403 1576 1477 1615; x_wconf 87' lang='lat' dir='ltr'><strong>cruce</strong></span> <span class='ocrx_word' id='word_1_378' title='bbox 1485 1565 1563 1616; x_wconf 90' lang='lat' dir='ltr'><strong>sairat</strong></span> <span class='ocrx_word' id='word_1_379' title='bbox 1573 1567 1697 1619; x_wconf 81' lang='lat' dir='ltr'><strong>mundum.</strong></span> 
     </span>
     <span class='ocr_line' id='line_1_61' title="bbox 950 1643 1700 1721; baseline 0.008 -22"><span class='ocrx_word' id='word_1_380' title='bbox 950 1643 1021 1700; x_wconf 88' lang='lat' dir='ltr'><strong>Loco</strong></span> <span class='ocrx_word' id='word_1_381' title='bbox 1036 1643 1134 1713; x_wconf 91' lang='lat' dir='ltr'><strong>primo,</strong></span> <span class='ocrx_word' id='word_1_382' title='bbox 1148 1644 1277 1715; x_wconf 90' lang='lat' dir='ltr'><strong>seeundo,</strong></span> <span class='ocrx_word' id='word_1_383' title='bbox 1290 1655 1387 1717; x_wconf 91' lang='lat' dir='ltr'><strong>quarto</strong></span> <span class='ocrx_word' id='word_1_384' title='bbox 1397 1656 1424 1702; x_wconf 93' lang='lat' dir='ltr'><strong>et</strong></span> <span class='ocrx_word' id='word_1_385' title='bbox 1439 1649 1531 1717; x_wconf 87' lang='lat' dir='ltr'><strong>quinto</strong></span> <span class='ocrx_word' id='word_1_386' title='bbox 1545 1649 1679 1721; x_wconf 88' lang='lat' dir='ltr'><strong>dactylum</strong></span> <span class='ocrx_word' id='word_1_387' title='bbox 1693 1668 1700 1705; x_wconf 79' lang='grc' dir='ltr'>ι</span> 
     </span>
     <span class='ocr_line' id='line_1_62' title="bbox 1026 1734 1651 1799; baseline 0.003 -13"><span class='ocrx_word' id='word_1_388' title='bbox 1026 1734 1062 1786; x_wconf 82' lang='lat' dir='ltr'><strong>En</strong></span> <span class='ocrx_word' id='word_1_389' title='bbox 1075 1734 1212 1786; x_wconf 89' lang='lat' dir='ltr'><strong>reneranda</strong></span> <span class='ocrx_word' id='word_1_390' title='bbox 1220 1735 1268 1786; x_wconf 88' lang='lat' dir='ltr'><strong>Dei</strong></span> <span class='ocrx_word' id='word_1_391' title='bbox 1278 1735 1358 1799; x_wconf 89' lang='lat' dir='ltr'><strong>proles</strong></span> <span class='ocrx_word' id='word_1_392' title='bbox 1368 1749 1440 1787; x_wconf 90' lang='lat' dir='ltr'><strong>cruce</strong></span> <span class='ocrx_word' id='word_1_393' title='bbox 1450 1737 1521 1788; x_wconf 79' lang='lat' dir='ltr'><strong>sacta</strong></span> <span class='ocrx_word' id='word_1_394' title='bbox 1532 1743 1651 1789; x_wconf 73' lang='lat' dir='ltr'><strong>coronat.</strong></span> 
     </span>
    </p>
   </div>
   <div class='ocr_carea' id='block_1_7' title="bbox 913 1819 1682 1893">
    <p class='ocr_par' dir='ltr' id='par_1_26' title="bbox 913 1819 1682 1893">
     <span class='ocr_line' id='line_1_63' title="bbox 913 1819 1682 1893; baseline 0.001 -17"><span class='ocrx_word' id='word_1_395' title='bbox 913 1819 1023 1890; x_wconf 74' lang='lat' dir='ltr'><strong>nhoco</strong></span> <span class='ocrx_word' id='word_1_396' title='bbox 1038 1819 1136 1888; x_wconf 91' lang='lat' dir='ltr'><strong>primo,</strong></span> <span class='ocrx_word' id='word_1_397' title='bbox 1152 1819 1242 1887; x_wconf 85' lang='lat' dir='ltr'><strong>tertio,</strong></span> <span class='ocrx_word' id='word_1_398' title='bbox 1253 1828 1361 1888; x_wconf 90' lang='lat' dir='ltr'><strong>quarto,</strong></span> <span class='ocrx_word' id='word_1_399' title='bbox 1377 1828 1404 1875; x_wconf 93' lang='lat' dir='ltr'><strong>et</strong></span> <span class='ocrx_word' id='word_1_400' title='bbox 1417 1821 1511 1891; x_wconf 92' lang='lat' dir='ltr'><strong>quinto</strong></span> <span class='ocrx_word' id='word_1_401' title='bbox 1525 1821 1659 1893; x_wconf 88' lang='lat' dir='ltr'><strong>dactylum</strong></span> <span class='ocrx_word' id='word_1_402' title='bbox 1675 1841 1682 1877; x_wconf 91' lang='lat'>:</span> 
     </span>
    </p>
   </div>
   <div class='ocr_carea' id='block_1_8' title="bbox 951 1907 1781 2150">
    <p class='ocr_par' dir='ltr' id='par_1_27' title="bbox 951 1907 1781 2150">
     <span class='ocr_line' id='line_1_64' title="bbox 1026 1907 1646 1971; baseline 0.006 -14"><span class='ocrx_word' id='word_1_403' title='bbox 1026 1907 1079 1958; x_wconf 80' lang='lat' dir='ltr'><strong>tam</strong></span> <span class='ocrx_word' id='word_1_404' title='bbox 1092 1910 1170 1971; x_wconf 88' lang='lat' dir='ltr'><strong>pietas</strong></span> <span class='ocrx_word' id='word_1_405' title='bbox 1185 1909 1303 1958; x_wconf 89' lang='lat' dir='ltr'><strong>immensa</strong></span> <span class='ocrx_word' id='word_1_406' title='bbox 1315 1908 1362 1958; x_wconf 88' lang='lat' dir='ltr'><strong>Dei</strong></span> <span class='ocrx_word' id='word_1_407' title='bbox 1373 1920 1447 1961; x_wconf 90' lang='lat' dir='ltr'><strong>cruce</strong></span> <span class='ocrx_word' id='word_1_408' title='bbox 1456 1917 1544 1962; x_wconf 86' lang='lat' dir='ltr'><strong>cuncta</strong></span> <span class='ocrx_word' id='word_1_409' title='bbox 1554 1912 1646 1963; x_wconf 90' lang='lat' dir='ltr'><strong>bearit.</strong></span> 
     </span>
     <span class='ocr_line' id='line_1_65' title="bbox 951 1988 1781 2067; baseline 0.004 -20"><span class='ocrx_word' id='word_1_410' title='bbox 951 1991 1023 2047; x_wconf 89' lang='lat' dir='ltr'><strong>Loco</strong></span> <span class='ocrx_word' id='word_1_411' title='bbox 1042 1988 1171 2055; x_wconf 90' lang='lat' dir='ltr'><strong>secundo,</strong></span> <span class='ocrx_word' id='word_1_412' title='bbox 1186 1990 1276 2055; x_wconf 90' lang='lat' dir='ltr'><strong>tertio,</strong></span> <span class='ocrx_word' id='word_1_413' title='bbox 1301 1998 1409 2060; x_wconf 91' lang='lat' dir='ltr'><strong>quarto,</strong></span> <span class='ocrx_word' id='word_1_414' title='bbox 1422 2001 1450 2046; x_wconf 91' lang='lat' dir='ltr'><strong>ct</strong></span> <span class='ocrx_word' id='word_1_415' title='bbox 1470 1993 1564 2062; x_wconf 90' lang='lat' dir='ltr'><strong>quinto</strong></span> <span class='ocrx_word' id='word_1_416' title='bbox 1580 1992 1737 2064; x_wconf 89' lang='lat' dir='ltr'><strong>dactylum:</strong></span> <span class='ocrx_word' id='word_1_417' title='bbox 1777 2063 1781 2067; x_wconf 18' lang='lat'><strong>⁴</strong></span> 
     </span>
     <span class='ocr_line' id='line_1_66' title="bbox 1027 2080 1759 2150; baseline 0.001 -16"><span class='ocrx_word' id='word_1_418' title='bbox 1027 2083 1141 2134; x_wconf 76' lang='lat' dir='ltr'><strong>handum</strong></span> <span class='ocrx_word' id='word_1_419' title='bbox 1149 2083 1198 2144; x_wconf 79' lang='lat' dir='ltr'><strong>tam</strong></span> <span class='ocrx_word' id='word_1_420' title='bbox 1210 2082 1348 2134; x_wconf 79' lang='lat' dir='ltr'><strong>veneranda</strong></span> <span class='ocrx_word' id='word_1_421' title='bbox 1359 2080 1406 2131; x_wconf 85' lang='lat' dir='ltr'><strong>Dei</strong></span> <span class='ocrx_word' id='word_1_422' title='bbox 1414 2081 1512 2132; x_wconf 86' lang='lat' dir='ltr'><strong>soboles</strong></span> <span class='ocrx_word' id='word_1_423' title='bbox 1522 2096 1595 2134; x_wconf 91' lang='lat' dir='ltr'><strong>cruce</strong></span> <span class='ocrx_word' id='word_1_424' title='bbox 1607 2084 1692 2135; x_wconf 82' lang='lat' dir='ltr'><strong>salvat.</strong></span> <span class='ocrx_word' id='word_1_425' title='bbox 1757 2147 1759 2150; x_wconf 8' lang='lat' dir='ltr'><strong>y</strong></span> 
     </span>
    </p>
   </div>
   <div class='ocr_carea' id='block_1_9' title="bbox 949 2165 1742 3149">
    <p class='ocr_par' dir='ltr' id='par_1_28' title="bbox 950 2165 1739 2510">
     <span class='ocr_line' id='line_1_67' title="bbox 985 2165 1736 2238; baseline 0.001 -14"><span class='ocrx_word' id='word_1_426' title='bbox 985 2169 1017 2224; x_wconf 91' lang='lat' dir='ltr'><strong>o.</strong></span> <span class='ocrx_word' id='word_1_427' title='bbox 1034 2167 1102 2235; x_wconf 89' lang='lat' dir='ltr'><strong>Quid</strong></span> <span class='ocrx_word' id='word_1_428' title='bbox 1116 2167 1207 2238; x_wconf 91' lang='lat' dir='ltr'><strong>igitur,</strong></span> <span class='ocrx_word' id='word_1_429' title='bbox 1224 2168 1250 2222; x_wconf 92' lang='lat' dir='ltr'><strong>in</strong></span> <span class='ocrx_word' id='word_1_430' title='bbox 1265 2180 1344 2221; x_wconf 88' lang='lat' dir='ltr'><strong>rersu</strong></span> <span class='ocrx_word' id='word_1_431' title='bbox 1366 2165 1529 2237; x_wconf 86' lang='lat' dir='ltr'><strong>syllabarum</strong></span> <span class='ocrx_word' id='word_1_432' title='bbox 1543 2167 1635 2228; x_wconf 90' lang='lat' dir='ltr'><strong>decem</strong></span> <span class='ocrx_word' id='word_1_433' title='bbox 1649 2176 1677 2223; x_wconf 87' lang='lat' dir='ltr'><strong>et</strong></span> <span class='ocrx_word' id='word_1_434' title='bbox 1689 2183 1736 2225; x_wconf 91' lang='lat' dir='ltr'><strong>se·</strong></span> 
     </span>
     <span class='ocr_line' id='line_1_68' title="bbox 950 2255 1739 2330; baseline -0.005 -16"><span class='ocrx_word' id='word_1_435' title='bbox 950 2266 1022 2330; x_wconf 90' lang='lat' dir='ltr'><strong>ptem</strong></span> <span class='ocrx_word' id='word_1_436' title='bbox 1037 2265 1103 2328; x_wconf 90' lang='lat' dir='ltr'><strong>quot</strong></span> <span class='ocrx_word' id='word_1_437' title='bbox 1117 2257 1253 2313; x_wconf 84' lang='lat' dir='ltr'><strong>schemata</strong></span> <span class='ocrx_word' id='word_1_438' title='bbox 1268 2265 1391 2311; x_wconf 88' lang='lat' dir='ltr'><strong>autumas</strong></span> <span class='ocrx_word' id='word_1_439' title='bbox 1413 2255 1586 2311; x_wconf 90' lang='lat' dir='ltr'><strong>calculandal</strong></span> <span class='ocrx_word' id='word_1_440' title='bbox 1599 2285 1635 2298; x_wconf 90' lang='lat'><strong>·-</strong></span> <span class='ocrx_word' id='word_1_441' title='bbox 1646 2256 1682 2312; x_wconf 88' lang='lat' dir='ltr'><strong>ll.</strong></span> <span class='ocrx_word' id='word_1_442' title='bbox 1696 2257 1739 2312; x_wconf 83' lang='lat' dir='ltr'><strong>Si-</strong></span> 
     </span>
     <span class='ocr_line' id='line_1_69' title="bbox 950 2346 1739 2418; baseline -0.003 -13"><span class='ocrx_word' id='word_1_443' title='bbox 950 2350 1052 2405; x_wconf 86' lang='lat' dir='ltr'><strong>militer</strong></span> <span class='ocrx_word' id='word_1_444' title='bbox 1065 2348 1092 2404; x_wconf 90' lang='lat' dir='ltr'><strong>itr</strong></span> <span class='ocrx_word' id='word_1_445' title='bbox 1107 2362 1155 2416; x_wconf 90' lang='lat' dir='ltr'><strong>eo,</strong></span> <span class='ocrx_word' id='word_1_446' title='bbox 1167 2355 1196 2402; x_wconf 94' lang='lat' dir='ltr'><strong>ut</strong></span> <span class='ocrx_word' id='word_1_447' title='bbox 1208 2348 1237 2403; x_wconf 94' lang='lat' dir='ltr'><strong>in</strong></span> <span class='ocrx_word' id='word_1_448' title='bbox 1251 2362 1288 2403; x_wconf 83' lang='lat' dir='ltr'><strong>an</strong></span> <span class='ocrx_word' id='word_1_449' title='bbox 1301 2346 1422 2418; x_wconf 86' lang='lat' dir='ltr'><strong>syllabis,</strong></span> <span class='ocrx_word' id='word_1_450' title='bbox 1438 2362 1519 2402; x_wconf 92' lang='lat' dir='ltr'><strong>unum</strong></span> <span class='ocrx_word' id='word_1_451' title='bbox 1539 2348 1648 2404; x_wconf 87' lang='lat' dir='ltr'><strong>schema</strong></span> <span class='ocrx_word' id='word_1_452' title='bbox 1672 2360 1739 2403; x_wconf 92' lang='lat' dir='ltr'><strong>con·</strong></span> 
     </span>
     <span class='ocr_line' id='line_1_70' title="bbox 951 2439 1552 2510; baseline -0.007 -15"><span class='ocrx_word' id='word_1_453' title='bbox 951 2440 1029 2496; x_wconf 92' lang='lat' dir='ltr'><strong>tineri</strong></span> <span class='ocrx_word' id='word_1_454' title='bbox 1043 2439 1189 2510; x_wconf 82' lang='lat' dir='ltr'><strong>astipulor.</strong></span> <span class='ocrx_word' id='word_1_455' title='bbox 1550 2487 1552 2491; x_wconf 85' lang='lat'><strong>.</strong></span> 
     </span>
    </p>

    <p class='ocr_par' dir='ltr' id='par_1_29' title="bbox 949 2528 1742 3149">
     <span class='ocr_line' id='line_1_71' title="bbox 986 2528 1739 2601; baseline 0 -14"><span class='ocrx_word' id='word_1_456' title='bbox 986 2531 1018 2587; x_wconf 90' lang='lat' dir='ltr'><strong>o.</strong></span> <span class='ocrx_word' id='word_1_457' title='bbox 1033 2529 1172 2598; x_wconf 84' lang='lat' dir='ltr'><strong>Quomodo</strong></span> <span class='ocrx_word' id='word_1_458' title='bbox 1185 2530 1228 2586; x_wconf 87' lang='lat' dir='ltr'><strong>rel</strong></span> <span class='ocrx_word' id='word_1_459' title='bbox 1241 2544 1295 2601; x_wconf 89' lang='lat' dir='ltr'><strong>quo</strong></span> <span class='ocrx_word' id='word_1_460' title='bbox 1305 2538 1384 2601; x_wconf 90' lang='lat' dir='ltr'><strong>pacto</strong></span> <span class='ocrx_word' id='word_1_461' title='bbox 1398 2528 1456 2587; x_wconf 89' lang='lat' dir='ltr'><strong>lieri</strong></span> <span class='ocrx_word' id='word_1_462' title='bbox 1471 2538 1559 2601; x_wconf 85' lang='lat' dir='ltr'><strong>potest</strong></span> <span class='ocrx_word' id='word_1_463' title='bbox 1571 2540 1599 2587; x_wconf 93' lang='lat' dir='ltr'><strong>ut</strong></span> <span class='ocrx_word' id='word_1_464' title='bbox 1610 2529 1739 2587; x_wconf 85' lang='lat' dir='ltr'><strong>minimos</strong></span> 
     </span>
     <span class='ocr_line' id='line_1_72' title="bbox 949 2621 1738 2694; baseline 0 -15"><span class='ocrx_word' id='word_1_465' title='bbox 949 2636 1046 2679; x_wconf 84' lang='lat' dir='ltr'><strong>uersus</strong></span> <span class='ocrx_word' id='word_1_466' title='bbox 1060 2630 1088 2678; x_wconf 92' lang='lat' dir='ltr'><strong>et</strong></span> <span class='ocrx_word' id='word_1_467' title='bbox 1101 2621 1234 2684; x_wconf 83' lang='lat' dir='ltr'><strong>maximus</strong></span> <span class='ocrx_word' id='word_1_468' title='bbox 1248 2622 1375 2678; x_wconf 91' lang='lat' dir='ltr'><strong>concordi</strong></span> <span class='ocrx_word' id='word_1_469' title='bbox 1390 2622 1555 2679; x_wconf 83' lang='lat' dir='ltr'><strong>schematum</strong></span> <span class='ocrx_word' id='word_1_470' title='bbox 1569 2623 1629 2694; x_wconf 90' lang='lat' dir='ltr'><strong>lege</strong></span> <span class='ocrx_word' id='word_1_471' title='bbox 1640 2624 1738 2680; x_wconf 87' lang='lat' dir='ltr'><strong>decur-</strong></span> 
     </span>
     <span class='ocr_line' id='line_1_73' title="bbox 951 2713 1741 2786; baseline 0 -17"><span class='ocrx_word' id='word_1_472' title='bbox 951 2722 1021 2779; x_wconf 91' lang='lat' dir='ltr'><strong>rant,</strong></span> <span class='ocrx_word' id='word_1_473' title='bbox 1037 2727 1098 2770; x_wconf 88' lang='lat' dir='ltr'><strong>cuna</strong></span> <span class='ocrx_word' id='word_1_474' title='bbox 1113 2720 1254 2784; x_wconf 88' lang='lat' dir='ltr'><strong>tantopere</strong></span> <span class='ocrx_word' id='word_1_475' title='bbox 1266 2713 1430 2786; x_wconf 87' lang='lat' dir='ltr'><strong>syllabarum</strong></span> <span class='ocrx_word' id='word_1_476' title='bbox 1442 2729 1554 2771; x_wconf 90' lang='lat' dir='ltr'><strong>numero</strong></span> <span class='ocrx_word' id='word_1_477' title='bbox 1566 2713 1741 2784; x_wconf 81' lang='lat' dir='ltr'><strong>discrepent</strong></span> 
     </span>
     <span class='ocr_line' id='line_1_74' title="bbox 951 2803 1742 2877; baseline 0.004 -18"><span class='ocrx_word' id='word_1_478' title='bbox 951 2835 985 2845; x_wconf 95' lang='lat'>-</span> <span class='ocrx_word' id='word_1_479' title='bbox 997 2804 1033 2860; x_wconf 94' lang='grc' dir='ltr'><strong>Μ.</strong></span> <span class='ocrx_word' id='word_1_480' title='bbox 1050 2805 1117 2871; x_wconf 87' lang='lat' dir='ltr'><strong>Quia</strong></span> <span class='ocrx_word' id='word_1_481' title='bbox 1132 2804 1169 2859; x_wconf 89' lang='lat' dir='ltr'><strong>ibi</strong></span> <span class='ocrx_word' id='word_1_482' title='bbox 1180 2803 1323 2873; x_wconf 76' lang='lat' dir='ltr'><strong>spondaeus</strong></span> <span class='ocrx_word' id='word_1_483' title='bbox 1340 2805 1458 2877; x_wconf 89' lang='lat' dir='ltr'><strong>quinque</strong></span> <span class='ocrx_word' id='word_1_484' title='bbox 1469 2813 1575 2862; x_wconf 91' lang='lat' dir='ltr'><strong>constat</strong></span> <span class='ocrx_word' id='word_1_485' title='bbox 1589 2805 1656 2862; x_wconf 90' lang='lat' dir='ltr'><strong>locis</strong></span> <span class='ocrx_word' id='word_1_486' title='bbox 1675 2823 1682 2860; x_wconf 91' lang='lat'><strong>:</strong></span> <span class='ocrx_word' id='word_1_487' title='bbox 1697 2804 1742 2862; x_wconf 93' lang='lat' dir='ltr'><strong>hic</strong></span> 
     </span>
     <span class='ocr_line' id='line_1_75' title="bbox 950 2894 1741 2968; baseline 0.001 -16"><span class='ocrx_word' id='word_1_488' title='bbox 950 2909 1015 2952; x_wconf 88' lang='lat' dir='ltr'><strong>rero</strong></span> <span class='ocrx_word' id='word_1_489' title='bbox 1026 2894 1149 2968; x_wconf 88' lang='lat' dir='ltr'><strong>dactylus</strong></span> <span class='ocrx_word' id='word_1_490' title='bbox 1163 2895 1273 2952; x_wconf 88' lang='lat' dir='ltr'><strong>totidem</strong></span> <span class='ocrx_word' id='word_1_491' title='bbox 1287 2895 1354 2952; x_wconf 89' lang='lat' dir='ltr'><strong>iocis</strong></span> <span class='ocrx_word' id='word_1_492' title='bbox 1372 2896 1509 2967; x_wconf 89' lang='lat' dir='ltr'><strong>inseritur,</strong></span> <span class='ocrx_word' id='word_1_493' title='bbox 1519 2907 1632 2968; x_wconf 81' lang='lat' dir='ltr'><strong>excepto</strong></span> <span class='ocrx_word' id='word_1_494' title='bbox 1646 2897 1741 2953; x_wconf 88' lang='lat' dir='ltr'><strong>ultimo</strong></span> 
     </span>
     <span class='ocr_line' id='line_1_76' title="bbox 952 2986 1740 3060; baseline 0.001 -17"><span class='ocrx_word' id='word_1_495' title='bbox 952 2987 1031 3058; x_wconf 90' lang='lat' dir='ltr'><strong>pede,</strong></span> <span class='ocrx_word' id='word_1_496' title='bbox 1046 2999 1125 3058; x_wconf 86' lang='lat' dir='ltr'><strong>quem</strong></span> <span class='ocrx_word' id='word_1_497' title='bbox 1138 2999 1251 3044; x_wconf 87' lang='lat' dir='ltr'><strong>necesse</strong></span> <span class='ocrx_word' id='word_1_498' title='bbox 1260 2995 1302 3042; x_wconf 89' lang='lat' dir='ltr'><strong>est</strong></span> <span class='ocrx_word' id='word_1_499' title='bbox 1312 2986 1474 3060; x_wconf 85' lang='lat' dir='ltr'><strong>disyllabum</strong></span> <span class='ocrx_word' id='word_1_500' title='bbox 1488 3001 1559 3056; x_wconf 90' lang='lat' dir='ltr'><strong>esse,</strong></span> <span class='ocrx_word' id='word_1_501' title='bbox 1573 3003 1607 3044; x_wconf 90' lang='lat' dir='ltr'><strong>ue</strong></span> <span class='ocrx_word' id='word_1_502' title='bbox 1623 2988 1740 3060; x_wconf 82' lang='lat' dir='ltr'><strong>syllaba·</strong></span> 
     </span>
     <span class='ocr_line' id='line_1_77' title="bbox 952 3077 1439 3149; baseline 0.002 -15"><span class='ocrx_word' id='word_1_503' title='bbox 952 3094 1012 3135; x_wconf 83' lang='lat' dir='ltr'><strong>runt</strong></span> <span class='ocrx_word' id='word_1_504' title='bbox 1023 3077 1142 3149; x_wconf 90' lang='lat' dir='ltr'><strong>amplior</strong></span> <span class='ocrx_word' id='word_1_505' title='bbox 1152 3093 1278 3135; x_wconf 90' lang='lat' dir='ltr'><strong>numeros</strong></span> <span class='ocrx_word' id='word_1_506' title='bbox 1293 3088 1439 3135; x_wconf 86' lang='lat' dir='ltr'><strong>accrescat.</strong></span> 
     </span>
    </p>
   </div>
   <div class='ocr_carea' id='block_1_10' title="bbox 910 3171 1737 3243">
    <p class='ocr_par' dir='ltr' id='par_1_30' title="bbox 910 3171 1737 3243">
     <span class='ocr_line' id='line_1_78' title="bbox 910 3171 1737 3243; baseline 0.001 -15"><span class='ocrx_word' id='word_1_507' title='bbox 910 3177 934 3241; x_wconf 69' lang='grc' dir='ltr'><strong>(ζ</strong></span> <span class='ocrx_word' id='word_1_508' title='bbox 984 3171 1018 3228; x_wconf 82' lang='lat' dir='ltr'><strong>o.</strong></span> <span class='ocrx_word' id='word_1_509' title='bbox 1038 3171 1211 3243; x_wconf 81' lang='lat' dir='ltr'><strong>Dogmatistm</strong></span> <span class='ocrx_word' id='word_1_510' title='bbox 1225 3171 1364 3228; x_wconf 88' lang='lat' dir='ltr'><strong>sententiis</strong></span> <span class='ocrx_word' id='word_1_511' title='bbox 1385 3181 1414 3228; x_wconf 95' lang='lat' dir='ltr'><strong>et</strong></span> <span class='ocrx_word' id='word_1_512' title='bbox 1427 3172 1547 3230; x_wconf 92' lang='lat' dir='ltr'><strong>doctoris</strong></span> <span class='ocrx_word' id='word_1_513' title='bbox 1567 3174 1737 3229; x_wconf 79' lang='lat' dir='ltr'><strong>sermonibus</strong></span> 
     </span>
    </p>
   </div>
   <div class='ocr_carea' id='block_1_11' title="bbox 950 3255 1818 4503">
    <p class='ocr_par' dir='ltr' id='par_1_31' title="bbox 950 3255 1818 3781">
     <span class='ocr_line' id='line_1_79' title="bbox 950 3255 1741 3336; baseline -0.004 -15"><span class='ocrx_word' id='word_1_514' title='bbox 950 3263 1063 3322; x_wconf 89' lang='lat' dir='ltr'><strong>credula</strong></span> <span class='ocrx_word' id='word_1_515' title='bbox 1080 3255 1229 3336; x_wconf 77' lang='lat' dir='ltr'><strong>precordia</strong></span> <span class='ocrx_word' id='word_1_516' title='bbox 1243 3263 1348 3334; x_wconf 91' lang='lat' dir='ltr'><strong>pando,</strong></span> <span class='ocrx_word' id='word_1_517' title='bbox 1366 3264 1413 3320; x_wconf 90' lang='lat' dir='ltr'><strong>aed</strong></span> <span class='ocrx_word' id='word_1_518' title='bbox 1434 3272 1522 3321; x_wconf 87' lang='lat' dir='ltr'><strong>tamen</strong></span> <span class='ocrx_word' id='word_1_519' title='bbox 1547 3263 1574 3320; x_wconf 93' lang='lat' dir='ltr'><strong>id</strong></span> <span class='ocrx_word' id='word_1_520' title='bbox 1594 3264 1694 3320; x_wconf 91' lang='lat' dir='ltr'><strong>certios</strong></span> <span class='ocrx_word' id='word_1_521' title='bbox 1706 3279 1741 3319; x_wconf 82' lang='lat' dir='ltr'><strong>cs</strong></span> 
     </span>
     <span class='ocr_line' id='line_1_80' title="bbox 951 3355 1818 3433; baseline 0.001 -21"><span class='ocrx_word' id='word_1_522' title='bbox 951 3355 1047 3427; x_wconf 87' lang='lat' dir='ltr'><strong>priscis</strong></span> <span class='ocrx_word' id='word_1_523' title='bbox 1074 3363 1196 3412; x_wconf 86' lang='lat' dir='ltr'><strong>reserum</strong></span> <span class='ocrx_word' id='word_1_524' title='bbox 1224 3355 1391 3426; x_wconf 86' lang='lat' dir='ltr'><strong>poematibus</strong></span> <span class='ocrx_word' id='word_1_525' title='bbox 1416 3356 1531 3427; x_wconf 76' lang='lat' dir='ltr'><strong>experiri</strong></span> <span class='ocrx_word' id='word_1_526' title='bbox 1553 3356 1738 3426; x_wconf 76' lang='lat' dir='ltr'><strong>copim-il.</strong></span> <span class='ocrx_word' id='word_1_527' title='bbox 1816 3429 1818 3433; x_wconf 17' lang='grc' dir='ltr'><strong><em>ι</em></strong></span> 
     </span>
     <span class='ocr_line' id='line_1_81' title="bbox 950 3445 1738 3520; baseline 0.003 -16"><span class='ocrx_word' id='word_1_528' title='bbox 950 3447 1082 3505; x_wconf 80' lang='lat' dir='ltr'><strong>Chronica</strong></span> <span class='ocrx_word' id='word_1_529' title='bbox 1094 3445 1204 3504; x_wconf 83' lang='lat' dir='ltr'><strong>Eusebii</strong></span> <span class='ocrx_word' id='word_1_530' title='bbox 1220 3447 1358 3520; x_wconf 78' lang='lat' dir='ltr'><strong>Virgilium</strong></span> <span class='ocrx_word' id='word_1_531' title='bbox 1381 3446 1537 3505; x_wconf 88' lang='lat' dir='ltr'><strong>imminente</strong></span> <span class='ocrx_word' id='word_1_532' title='bbox 1558 3457 1629 3504; x_wconf 89' lang='lat' dir='ltr'><strong>metu</strong></span> <span class='ocrx_word' id='word_1_533' title='bbox 1645 3448 1738 3506; x_wconf 89' lang='lat' dir='ltr'><strong>mortis</strong></span> 
     </span>
     <span class='ocr_line' id='line_1_82' title="bbox 950 3538 1735 3611; baseline -0.005 -14"><span class='ocrx_word' id='word_1_534' title='bbox 950 3540 1081 3598; x_wconf 88' lang='lat' dir='ltr'><strong>cecinisse</strong></span> <span class='ocrx_word' id='word_1_535' title='bbox 1099 3539 1226 3606; x_wconf 83' lang='lat' dir='ltr'><strong>tradunt,</strong></span> <span class='ocrx_word' id='word_1_536' title='bbox 1240 3547 1268 3595; x_wconf 89' lang='lat' dir='ltr'><strong>et</strong></span> <span class='ocrx_word' id='word_1_537' title='bbox 1286 3540 1463 3611; x_wconf 86' lang='lat' dir='ltr'><strong>epigramma,</strong></span> <span class='ocrx_word' id='word_1_538' title='bbox 1476 3540 1549 3610; x_wconf 91' lang='lat' dir='ltr'><strong>quod</strong></span> <span class='ocrx_word' id='word_1_539' title='bbox 1572 3538 1735 3610; x_wconf 86' lang='lat' dir='ltr'><strong>epitaphium</strong></span> 
     </span>
     <span class='ocr_line' id='line_1_83' title="bbox 951 3633 1736 3704; baseline 0.004 -17"><span class='ocrx_word' id='word_1_540' title='bbox 951 3644 1072 3700; x_wconf 79' lang='lat' dir='ltr'><strong>vocatur,</strong></span> <span class='ocrx_word' id='word_1_541' title='bbox 1082 3633 1248 3704; x_wconf 80' lang='lat' dir='ltr'><strong>adsnprcma</strong></span> <span class='ocrx_word' id='word_1_542' title='bbox 1257 3634 1443 3704; x_wconf 80' lang='lat' dir='ltr'><strong>exsequiarum</strong></span> <span class='ocrx_word' id='word_1_543' title='bbox 1452 3634 1545 3691; x_wconf 84' lang='lat' dir='ltr'><strong>lunera</strong></span> <span class='ocrx_word' id='word_1_544' title='bbox 1554 3635 1736 3704; x_wconf 87' lang='lat' dir='ltr'><strong>composuisse</strong></span> 
     </span>
     <span class='ocr_line' id='line_1_84' title="bbox 951 3725 1090 3781; baseline -0.014 -1"><span class='ocrx_word' id='word_1_545' title='bbox 951 3725 1065 3781; x_wconf 89' lang='lat' dir='ltr'><strong>dicendo</strong></span> <span class='ocrx_word' id='word_1_546' title='bbox 1084 3742 1090 3778; x_wconf 91' lang='lat'>:</span> 
     </span>
    </p>

    <p class='ocr_par' dir='ltr' id='par_1_32' title="bbox 951 3812 1741 4139">
     <span class='ocr_line' id='line_1_85' title="bbox 1031 3812 1681 3878; baseline 0.003 -13"><span class='ocrx_word' id='word_1_547' title='bbox 1031 3815 1128 3865; x_wconf 84' lang='lat' dir='ltr'><strong>itautna</strong></span> <span class='ocrx_word' id='word_1_548' title='bbox 1136 3826 1177 3865; x_wconf 91' lang='lat' dir='ltr'><strong>me</strong></span> <span class='ocrx_word' id='word_1_549' title='bbox 1189 3814 1284 3877; x_wconf 81' lang='lat' dir='ltr'><strong>genuit,</strong></span> <span class='ocrx_word' id='word_1_550' title='bbox 1297 3812 1390 3866; x_wconf 83' lang='lat' dir='ltr'><strong>Calabri</strong></span> <span class='ocrx_word' id='word_1_551' title='bbox 1402 3825 1517 3878; x_wconf 85' lang='lat' dir='ltr'><strong>rapuere,</strong></span> <span class='ocrx_word' id='word_1_552' title='bbox 1530 3822 1600 3867; x_wconf 93' lang='lat' dir='ltr'><strong>tenet</strong></span> <span class='ocrx_word' id='word_1_553' title='bbox 1609 3828 1681 3867; x_wconf 88' lang='lat' dir='ltr'><strong>nuuc.</strong></span> 
     </span>
     <span class='ocr_line' id='line_1_86' title="bbox 951 3898 1738 3972; baseline -0.001 -16"><span class='ocrx_word' id='word_1_554' title='bbox 951 3899 1092 3956; x_wconf 70' lang='lat' dir='ltr'><strong>Scinditur</strong></span> <span class='ocrx_word' id='word_1_555' title='bbox 1104 3899 1159 3955; x_wconf 86' lang='lat' dir='ltr'><strong>ita:</strong></span> <span class='ocrx_word' id='word_1_556' title='bbox 1176 3898 1301 3968; x_wconf 85' lang='lat' dir='ltr'><strong>dlonttto,</strong></span> <span class='ocrx_word' id='word_1_557' title='bbox 1323 3913 1364 3952; x_wconf 84' lang='lat' dir='ltr'><strong>nte</strong></span> <span class='ocrx_word' id='word_1_558' title='bbox 1376 3915 1453 3970; x_wconf 81' lang='lat' dir='ltr'><strong>qeuat,</strong></span> <span class='ocrx_word' id='word_1_559' title='bbox 1470 3901 1490 3955; x_wconf 87' lang='lat' dir='ltr'><strong>s&#39;t</strong></span> <span class='ocrx_word' id='word_1_560' title='bbox 1513 3898 1587 3968; x_wconf 81' lang='lat' dir='ltr'><strong>Coto,</strong></span> <span class='ocrx_word' id='word_1_561' title='bbox 1601 3899 1640 3955; x_wconf 80' lang='lat' dir='ltr'><strong>dri</strong></span> <span class='ocrx_word' id='word_1_562' title='bbox 1662 3905 1738 3972; x_wconf 82' lang='lat' dir='ltr'><strong>rapu,</strong></span> 
     </span>
     <span class='ocr_line' id='line_1_87' title="bbox 951 3987 1741 4061; baseline 0.004 -15"><span class='ocrx_word' id='word_1_563' title='bbox 951 4007 992 4046; x_wconf 86' lang='lat' dir='ltr'><strong>ere</strong></span> <span class='ocrx_word' id='word_1_564' title='bbox 1002 3999 1037 4060; x_wconf 84' lang='lat' dir='ltr'><strong>tc,</strong></span> <span class='ocrx_word' id='word_1_565' title='bbox 1047 3998 1089 4044; x_wconf 82' lang='lat' dir='ltr'><strong>net</strong></span> <span class='ocrx_word' id='word_1_566' title='bbox 1102 4006 1180 4045; x_wconf 86' lang='lat' dir='ltr'><strong>none.</strong></span> <span class='ocrx_word' id='word_1_567' title='bbox 1195 3988 1279 4056; x_wconf 90' lang='lat' dir='ltr'><strong>Quem</strong></span> <span class='ocrx_word' id='word_1_568' title='bbox 1292 3987 1416 4047; x_wconf 83' lang='lat' dir='ltr'><strong>Lucanus</strong></span> <span class='ocrx_word' id='word_1_569' title='bbox 1432 3991 1571 4061; x_wconf 77' lang='lat' dir='ltr'><strong>emulans,</strong></span> <span class='ocrx_word' id='word_1_570' title='bbox 1588 3991 1629 4050; x_wconf 92' lang='lat' dir='ltr'><strong>his</strong></span> <span class='ocrx_word' id='word_1_571' title='bbox 1650 3993 1741 4051; x_wconf 82' lang='lat' dir='ltr'><strong>verbis</strong></span> 
     </span>
     <span class='ocr_line' id='line_1_88' title="bbox 952 4082 1228 4139; baseline 0 -3"><span class='ocrx_word' id='word_1_572' title='bbox 952 4082 1105 4139; x_wconf 77' lang='lat' dir='ltr'><strong>innitebatur</strong></span> <span class='ocrx_word' id='word_1_573' title='bbox 1115 4082 1206 4138; x_wconf 90' lang='lat' dir='ltr'><strong>dicens</strong></span> <span class='ocrx_word' id='word_1_574' title='bbox 1219 4098 1228 4136; x_wconf 77' lang='lat' dir='ltr'><strong>a</strong></span> 
     </span>
    </p>

    <p class='ocr_par' dir='ltr' id='par_1_33' title="bbox 953 4173 1648 4313">
     <span class='ocr_line' id='line_1_89' title="bbox 1028 4173 1648 4240; baseline 0 -14"><span class='ocrx_word' id='word_1_575' title='bbox 1028 4173 1137 4226; x_wconf 86' lang='lat' dir='ltr'><strong>Corduba</strong></span> <span class='ocrx_word' id='word_1_576' title='bbox 1147 4186 1188 4224; x_wconf 92' lang='lat' dir='ltr'><strong>me</strong></span> <span class='ocrx_word' id='word_1_577' title='bbox 1200 4174 1299 4236; x_wconf 82' lang='lat' dir='ltr'><strong>gerolt,</strong></span> <span class='ocrx_word' id='word_1_578' title='bbox 1312 4174 1392 4238; x_wconf 86' lang='lat' dir='ltr'><strong>rapuit</strong></span> <span class='ocrx_word' id='word_1_579' title='bbox 1402 4174 1469 4226; x_wconf 85' lang='lat' dir='ltr'><strong>Nero</strong></span> <span class='ocrx_word' id='word_1_580' title='bbox 1476 4191 1483 4240; x_wconf 91' lang='lat'>;</span> <span class='ocrx_word' id='word_1_581' title='bbox 1493 4175 1575 4239; x_wconf 79' lang='lat' dir='ltr'><strong>prelia</strong></span> <span class='ocrx_word' id='word_1_582' title='bbox 1587 4176 1648 4226; x_wconf 86' lang='lat' dir='ltr'><strong>diri.</strong></span> 
     </span>
     <span class='ocr_line' id='line_1_90' title="bbox 953 4256 1210 4313; baseline -0.012 0"><span class='ocrx_word' id='word_1_583' title='bbox 953 4256 1023 4313; x_wconf 92' lang='lat' dir='ltr'><strong>hlcrn</strong></span> <span class='ocrx_word' id='word_1_584' title='bbox 1036 4256 1104 4312; x_wconf 90' lang='lat' dir='ltr'><strong>libro</strong></span> <span class='ocrx_word' id='word_1_585' title='bbox 1115 4265 1192 4312; x_wconf 84' lang='lat' dir='ltr'><strong>serto</strong></span> <span class='ocrx_word' id='word_1_586' title='bbox 1204 4275 1210 4310; x_wconf 92' lang='lat'>:</span> 
     </span>
    </p>

    <p class='ocr_par' dir='ltr' id='par_1_34' title="bbox 952 4345 1738 4503">
     <span class='ocr_line' id='line_1_91' title="bbox 1024 4345 1678 4415; baseline 0.006 -20"><span class='ocrx_word' id='word_1_587' title='bbox 1024 4345 1141 4415; x_wconf 20' lang='lat' dir='ltr'><strong>‘Undique</strong></span> <span class='ocrx_word' id='word_1_588' title='bbox 1153 4346 1268 4409; x_wconf 78' lang='lat' dir='ltr'><strong>precipiti</strong></span> <span class='ocrx_word' id='word_1_589' title='bbox 1278 4347 1384 4411; x_wconf 86' lang='lat' dir='ltr'><strong>scopulis</strong></span> <span class='ocrx_word' id='word_1_590' title='bbox 1394 4349 1578 4400; x_wconf 79' lang='lat' dir='ltr'><strong>removentibus</strong></span> <span class='ocrx_word' id='word_1_591' title='bbox 1587 4362 1678 4412; x_wconf 82' lang='lat' dir='ltr'><strong>aeqoor.</strong></span> 
     </span>
     <span class='ocr_line' id='line_1_92' title="bbox 952 4428 1738 4503; baseline 0.006 -19"><span class='ocrx_word' id='word_1_592' title='bbox 952 4428 1093 4484; x_wconf 90' lang='lat' dir='ltr'><strong>Scanditur</strong></span> <span class='ocrx_word' id='word_1_593' title='bbox 1107 4431 1142 4484; x_wconf 91' lang='lat' dir='ltr'><strong>ita</strong></span> <span class='ocrx_word' id='word_1_594' title='bbox 1159 4446 1164 4482; x_wconf 96' lang='lat'><strong>:</strong></span> <span class='ocrx_word' id='word_1_595' title='bbox 1182 4431 1309 4502; x_wconf 79' lang='lat' dir='ltr'><strong>nardique,</strong></span> <span class='ocrx_word' id='word_1_596' title='bbox 1324 4432 1440 4503; x_wconf 76' lang='lat' dir='ltr'><strong>precipi,</strong></span> <span class='ocrx_word' id='word_1_597' title='bbox 1456 4434 1476 4486; x_wconf 81' lang='lat' dir='ltr'><strong>tr·</strong></span> <span class='ocrx_word' id='word_1_598' title='bbox 1494 4448 1591 4500; x_wconf 87' lang='lat' dir='ltr'><strong>scopu,</strong></span> <span class='ocrx_word' id='word_1_599' title='bbox 1611 4433 1643 4486; x_wconf 86' lang='lat' dir='ltr'><strong>iia</strong></span> <span class='ocrx_word' id='word_1_600' title='bbox 1657 4449 1738 4499; x_wconf 82' lang='lat' dir='ltr'><strong>rouro,</strong></span> 
     </span>
    </p>
   </div>
   <div class='ocr_carea' id='block_1_12' title="bbox 148 4485 1740 4592">
    <p class='ocr_par' dir='ltr' id='par_1_35' title="bbox 148 4485 1740 4592">
     <span class='ocr_line' id='line_1_93' title="bbox 148 4485 1740 4592; baseline 0.014 -37"><span class='ocrx_word' id='word_1_601' title='bbox 148 4485 177 4538; x_wconf 83' lang='lat'><strong>⁰·</strong></span> <span class='ocrx_word' id='word_1_602' title='bbox 195 4487 231 4540; x_wconf 76' lang='lat'><strong>⁰³</strong></span> <span class='ocrx_word' id='word_1_603' title='bbox 247 4486 342 4544; x_wconf 77' lang='lat'><strong>¹¹⁰¹¹¹¹¹¹</strong></span> <span class='ocrx_word' id='word_1_604' title='bbox 357 4492 523 4549; x_wconf 62' lang='lat' dir='ltr'><strong>lihefflifflffl</strong></span> <span class='ocrx_word' id='word_1_605' title='bbox 539 4507 694 4566; x_wconf 53' lang='lat' dir='ltr'><strong>assumenti</strong></span> <span class='ocrx_word' id='word_1_606' title='bbox 709 4513 742 4556; x_wconf 71' lang='lat'><strong>0¹</strong></span> <span class='ocrx_word' id='word_1_607' title='bbox 758 4500 1072 4592; x_wconf 73' lang='lat' dir='ltr'><strong>libris³¹¹·1yueutibnr,</strong></span> <span class='ocrx_word' id='word_1_608' title='bbox 1087 4537 1183 4592; x_wconf 75' lang='lat' dir='ltr'><strong>equor.</strong></span> <span class='ocrx_word' id='word_1_609' title='bbox 1199 4523 1233 4577; x_wconf 79' lang='lat' dir='ltr'><strong>‚tt</strong></span> <span class='ocrx_word' id='word_1_610' title='bbox 1248 4537 1312 4578; x_wconf 88' lang='lat' dir='ltr'><strong>rero</strong></span> <span class='ocrx_word' id='word_1_611' title='bbox 1326 4522 1470 4592; x_wconf 79' lang='lat' dir='ltr'><strong>praedictos</strong></span> <span class='ocrx_word' id='word_1_612' title='bbox 1486 4529 1561 4576; x_wconf 89' lang='lat' dir='ltr'><strong>rates</strong></span> <span class='ocrx_word' id='word_1_613' title='bbox 1582 4521 1740 4579; x_wconf 87' lang='lat' dir='ltr'><strong>llautuanus</strong></span> 
     </span>
    </p>
   </div>
   <div class='ocr_carea' id='block_1_13' title="bbox 109 4581 897 4835">
    <p class='ocr_par' dir='ltr' id='par_1_36' title="bbox 109 4581 897 4835">
     <span class='ocr_line' id='line_1_94' title="bbox 111 4581 790 4649; baseline 0.025 -18"><span class='ocrx_word' id='word_1_614' title='bbox 111 4588 213 4633; x_wconf 90' lang='lat' dir='ltr'><strong>ctorom</strong></span> <span class='ocrx_word' id='word_1_615' title='bbox 225 4581 338 4649; x_wconf 67' lang='lat' dir='ltr'><strong>prolum.</strong></span> <span class='ocrx_word' id='word_1_616' title='bbox 369 4612 402 4626; x_wconf 87' lang='lat'>—</span> <span class='ocrx_word' id='word_1_617' title='bbox 417 4585 452 4640; x_wconf 87' lang='grc' dir='ltr'><strong>Μ.</strong></span> <span class='ocrx_word' id='word_1_618' title='bbox 468 4587 590 4645; x_wconf 81' lang='lat' dir='ltr'><strong>lucanus</strong></span> <span class='ocrx_word' id='word_1_619' title='bbox 604 4591 672 4647; x_wconf 91' lang='lat' dir='ltr'><strong>libro</strong></span> <span class='ocrx_word' id='word_1_620' title='bbox 687 4592 768 4648; x_wconf 88' lang='lat' dir='ltr'><strong>tertio</strong></span> <span class='ocrx_word' id='word_1_621' title='bbox 784 4611 790 4647; x_wconf 92' lang='lat'>:</span> 
     </span>
     <span class='ocr_line' id='line_1_95' title="bbox 232 4670 762 4743; baseline 0.028 -25"><span class='ocrx_word' id='word_1_622' title='bbox 232 4670 371 4723; x_wconf 82' lang='lat' dir='ltr'><strong>Fractamm</strong></span> <span class='ocrx_word' id='word_1_623' title='bbox 383 4676 463 4726; x_wconf 83' lang='lat' dir='ltr'><strong>subita</strong></span> <span class='ocrx_word' id='word_1_624' title='bbox 475 4682 563 4729; x_wconf 87' lang='lat' dir='ltr'><strong>ratium</strong></span> <span class='ocrx_word' id='word_1_625' title='bbox 575 4681 675 4743; x_wconf 87' lang='lat' dir='ltr'><strong>periere</strong></span> <span class='ocrx_word' id='word_1_626' title='bbox 684 4685 762 4733; x_wconf 88' lang='lat' dir='ltr'><strong>ruina.</strong></span> 
     </span>
     <span class='ocr_line' id='line_1_96' title="bbox 109 4748 897 4835; baseline 0.022 -32"><span class='ocrx_word' id='word_1_627' title='bbox 109 4748 251 4806; x_wconf 85' lang='lat' dir='ltr'><strong>Scunrlitur</strong></span> <span class='ocrx_word' id='word_1_628' title='bbox 263 4754 334 4810; x_wconf 88' lang='lat' dir='ltr'><strong>enim</strong></span> <span class='ocrx_word' id='word_1_629' title='bbox 351 4758 467 4828; x_wconf 65' lang='lat' dir='ltr'><strong>tireno,</strong></span> <span class='ocrx_word' id='word_1_630' title='bbox 488 4777 546 4814; x_wconf 87' lang='lat' dir='ltr'><strong>rum</strong></span> <span class='ocrx_word' id='word_1_631' title='bbox 566 4761 633 4830; x_wconf 75' lang='lat' dir='ltr'><strong>snei,</strong></span> <span class='ocrx_word' id='word_1_632' title='bbox 648 4771 674 4816; x_wconf 89' lang='lat' dir='ltr'><strong>to</strong></span> <span class='ocrx_word' id='word_1_633' title='bbox 689 4763 740 4817; x_wconf 87' lang='lat' dir='ltr'><strong>ruti</strong></span> <span class='ocrx_word' id='word_1_634' title='bbox 749 4802 757 4830; x_wconf 88' lang='lat'><strong>,</strong></span> <span class='ocrx_word' id='word_1_635' title='bbox 775 4780 817 4818; x_wconf 90' lang='lat' dir='ltr'><strong>um</strong></span> <span class='ocrx_word' id='word_1_636' title='bbox 833 4766 897 4835; x_wconf 85' lang='lat' dir='ltr'><strong>peri,</strong></span> 
     </span>
    </p>
   </div>
   <div class='ocr_carea' id='block_1_14' title="bbox 110 4845 902 4921">
    <p class='ocr_par' dir='ltr' id='par_1_37' title="bbox 110 4845 902 4921">
     <span class='ocr_line' id='line_1_97' title="bbox 110 4845 902 4921; baseline 0.025 -28"><span class='ocrx_word' id='word_1_637' title='bbox 110 4855 152 4895; x_wconf 85' lang='lat' dir='ltr'><strong>ere</strong></span> <span class='ocrx_word' id='word_1_638' title='bbox 165 4859 205 4908; x_wconf 87' lang='lat' dir='ltr'><strong>ro,</strong></span> <span class='ocrx_word' id='word_1_639' title='bbox 221 4845 276 4898; x_wconf 87' lang='lat' dir='ltr'><strong>ino.</strong></span> <span class='ocrx_word' id='word_1_640' title='bbox 294 4845 327 4901; x_wconf 87' lang='lat' dir='ltr'><strong>Et</strong></span> <span class='ocrx_word' id='word_1_641' title='bbox 340 4849 487 4906; x_wconf 89' lang='lat' dir='ltr'><strong>notandum</strong></span> <span class='ocrx_word' id='word_1_642' title='bbox 502 4852 572 4921; x_wconf 92' lang='lat' dir='ltr'><strong>quod</strong></span> <span class='ocrx_word' id='word_1_643' title='bbox 594 4853 639 4908; x_wconf 84' lang='lat' dir='ltr'><strong>hic</strong></span> <span class='ocrx_word' id='word_1_644' title='bbox 652 4869 746 4910; x_wconf 84' lang='lat' dir='ltr'><strong>tersus</strong></span> <span class='ocrx_word' id='word_1_645' title='bbox 770 4866 798 4912; x_wconf 88' lang='lat' dir='ltr'><strong>et</strong></span> <span class='ocrx_word' id='word_1_646' title='bbox 811 4859 902 4914; x_wconf 77' lang='lat' dir='ltr'><strong>caeteri</strong></span> 
     </span>
    </p>
   </div>
   <div class='ocr_carea' id='block_1_15' title="bbox 109 4933 904 5112">
    <p class='ocr_par' dir='ltr' id='par_1_38' title="bbox 109 4933 904 5112">
     <span class='ocr_line' id='line_1_98' title="bbox 110 4933 903 5014; baseline 0.023 -28"><span class='ocrx_word' id='word_1_647' title='bbox 110 4933 215 4989; x_wconf 84' lang='lat' dir='ltr'><strong>similes</strong></span> <span class='ocrx_word' id='word_1_648' title='bbox 229 4936 299 5006; x_wconf 94' lang='lat' dir='ltr'><strong>apud</strong></span> <span class='ocrx_word' id='word_1_649' title='bbox 316 4939 442 4996; x_wconf 90' lang='lat' dir='ltr'><strong>metricos</strong></span> <span class='ocrx_word' id='word_1_650' title='bbox 457 4943 603 5000; x_wconf 87' lang='lat' dir='ltr'><strong>laudabiles</strong></span> <span class='ocrx_word' id='word_1_651' title='bbox 619 4945 762 5014; x_wconf 90' lang='lat' dir='ltr'><strong>habentur,</strong></span> <span class='ocrx_word' id='word_1_652' title='bbox 778 4948 821 5003; x_wconf 88' lang='lat' dir='ltr'><strong>uhi</strong></span> <span class='ocrx_word' id='word_1_653' title='bbox 835 4964 903 5004; x_wconf 86' lang='lat' dir='ltr'><strong>nun·</strong></span> 
     </span>
     <span class='ocr_line' id='line_1_99' title="bbox 109 5030 904 5112; baseline 0.023 -33"><span class='ocrx_word' id='word_1_654' title='bbox 109 5043 190 5098; x_wconf 84' lang='lat' dir='ltr'><strong>qnam</strong></span> <span class='ocrx_word' id='word_1_655' title='bbox 211 5030 237 5084; x_wconf 92' lang='lat' dir='ltr'><strong>in</strong></span> <span class='ocrx_word' id='word_1_656' title='bbox 257 5033 398 5089; x_wconf 87' lang='lat' dir='ltr'><strong>scansione</strong></span> <span class='ocrx_word' id='word_1_657' title='bbox 419 5034 522 5107; x_wconf 84' lang='lat' dir='ltr'><strong>integra</strong></span> <span class='ocrx_word' id='word_1_658' title='bbox 537 5051 600 5108; x_wconf 89' lang='lat' dir='ltr'><strong>pars</strong></span> <span class='ocrx_word' id='word_1_659' title='bbox 619 5040 751 5095; x_wconf 89' lang='lat' dir='ltr'><strong>orationis</strong></span> <span class='ocrx_word' id='word_1_660' title='bbox 772 5041 904 5112; x_wconf 89' lang='lat' dir='ltr'><strong>dirempta</strong></span> 
     </span>
    </p>
   </div>
   <div class='ocr_carea' id='block_1_16' title="bbox 951 4613 1741 5138">
    <p class='ocr_par' dir='ltr' id='par_1_39' title="bbox 954 4613 1183 4668">
     <span class='ocr_line' id='line_1_100' title="bbox 954 4613 1183 4668; baseline 0 -2"><span class='ocrx_word' id='word_1_661' title='bbox 954 4613 1062 4668; x_wconf 84' lang='lat' dir='ltr'><strong>alitiita</strong></span> <span class='ocrx_word' id='word_1_662' title='bbox 1077 4613 1159 4668; x_wconf 90' lang='lat' dir='ltr'><strong>reicrt</strong></span> <span class='ocrx_word' id='word_1_663' title='bbox 1176 4632 1183 4666; x_wconf 90' lang='lat'>:</span> 
     </span>
    </p>

    <p class='ocr_par' dir='ltr' id='par_1_40' title="bbox 951 4702 1741 4931">
     <span class='ocr_line' id='line_1_101' title="bbox 1027 4702 1654 4766; baseline -0.002 -14"><span class='ocrx_word' id='word_1_664' title='bbox 1027 4703 1059 4753; x_wconf 80' lang='lat' dir='ltr'><strong>tt</strong></span> <span class='ocrx_word' id='word_1_665' title='bbox 1070 4703 1127 4753; x_wconf 84' lang='lat' dir='ltr'><strong>tuba</strong></span> <span class='ocrx_word' id='word_1_666' title='bbox 1139 4702 1275 4754; x_wconf 86' lang='lat' dir='ltr'><strong>terribilem</strong></span> <span class='ocrx_word' id='word_1_667' title='bbox 1287 4703 1390 4753; x_wconf 87' lang='lat' dir='ltr'><strong>sonitum</strong></span> <span class='ocrx_word' id='word_1_668' title='bbox 1402 4702 1485 4766; x_wconf 87' lang='lat' dir='ltr'><strong>procot</strong></span> <span class='ocrx_word' id='word_1_669' title='bbox 1495 4714 1545 4753; x_wconf 85' lang='lat' dir='ltr'><strong>aere</strong></span> <span class='ocrx_word' id='word_1_670' title='bbox 1557 4713 1654 4752; x_wconf 88' lang='lat' dir='ltr'><strong>canoro.</strong></span> 
     </span>
     <span class='ocr_line' id='line_1_102' title="bbox 951 4783 1741 4843; baseline -0.001 -2"><span class='ocrx_word' id='word_1_671' title='bbox 951 4784 1077 4841; x_wconf 84' lang='lat' dir='ltr'><strong>Sodolins</strong></span> <span class='ocrx_word' id='word_1_672' title='bbox 1091 4795 1118 4843; x_wconf 93' lang='lat' dir='ltr'><strong>et</strong></span> <span class='ocrx_word' id='word_1_673' title='bbox 1132 4783 1166 4840; x_wconf 89' lang='lat' dir='ltr'><strong>de</strong></span> <span class='ocrx_word' id='word_1_674' title='bbox 1186 4785 1377 4841; x_wconf 90' lang='lat' dir='ltr'><strong>monoschemo</strong></span> <span class='ocrx_word' id='word_1_675' title='bbox 1401 4797 1479 4838; x_wconf 89' lang='lat' dir='ltr'><strong>rersu</strong></span> <span class='ocrx_word' id='word_1_676' title='bbox 1501 4783 1573 4838; x_wconf 90' lang='lat' dir='ltr'><strong>inter</strong></span> <span class='ocrx_word' id='word_1_677' title='bbox 1585 4792 1681 4839; x_wconf 78' lang='lat' dir='ltr'><strong>cetera</strong></span> <span class='ocrx_word' id='word_1_678' title='bbox 1698 4785 1741 4840; x_wconf 83' lang='lat' dir='ltr'><strong>sic</strong></span> 
     </span>
     <span class='ocr_line' id='line_1_103' title="bbox 953 4877 1115 4931; baseline -0.006 -3"><span class='ocrx_word' id='word_1_679' title='bbox 953 4877 991 4931; x_wconf 86' lang='lat' dir='ltr'><strong>uit</strong></span> <span class='ocrx_word' id='word_1_680' title='bbox 1007 4893 1012 4927; x_wconf 95' lang='lat'><strong>:</strong></span> <span class='ocrx_word' id='word_1_681' title='bbox 1114 4917 1115 4920; x_wconf 66' lang='lat'><strong>,</strong></span> 
     </span>
    </p>

    <p class='ocr_par' dir='ltr' id='par_1_41' title="bbox 955 4965 1741 5138">
     <span class='ocr_line' id='line_1_104' title="bbox 1030 4965 1608 5030; baseline 0.005 -16"><span class='ocrx_word' id='word_1_682' title='bbox 1030 4965 1121 5016; x_wconf 89' lang='lat' dir='ltr'><strong>Laudat</strong></span> <span class='ocrx_word' id='word_1_683' title='bbox 1133 4971 1160 5017; x_wconf 90' lang='lat' dir='ltr'><strong>et</strong></span> <span class='ocrx_word' id='word_1_684' title='bbox 1171 4966 1279 5029; x_wconf 76' lang='lat' dir='ltr'><strong>egregie</strong></span> <span class='ocrx_word' id='word_1_685' title='bbox 1292 4965 1376 5016; x_wconf 90' lang='lat' dir='ltr'><strong>tribuit</strong></span> <span class='ocrx_word' id='word_1_686' title='bbox 1385 4978 1428 5015; x_wconf 89' lang='lat' dir='ltr'><strong>sua</strong></span> <span class='ocrx_word' id='word_1_687' title='bbox 1442 4971 1494 5018; x_wconf 88' lang='lat' dir='ltr'><strong>rota</strong></span> <span class='ocrx_word' id='word_1_688' title='bbox 1506 4967 1608 5030; x_wconf 74' lang='lat' dir='ltr'><strong>rapina.</strong></span> 
     </span>
     <span class='ocr_line' id='line_1_105' title="bbox 955 5065 1741 5138; baseline 0.005 -14"><span class='ocrx_word' id='word_1_689' title='bbox 955 5067 1053 5124; x_wconf 79' lang='lat' dir='ltr'><strong>ltodcm</strong></span> <span class='ocrx_word' id='word_1_690' title='bbox 1068 5068 1146 5124; x_wconf 93' lang='lat' dir='ltr'><strong>modo</strong></span> <span class='ocrx_word' id='word_1_691' title='bbox 1157 5067 1272 5135; x_wconf 87' lang='lat' dir='ltr'><strong>Prosper</strong></span> <span class='ocrx_word' id='word_1_692' title='bbox 1287 5065 1312 5121; x_wconf 91' lang='lat' dir='ltr'><strong>in</strong></span> <span class='ocrx_word' id='word_1_693' title='bbox 1329 5067 1571 5138; x_wconf 82' lang='lat' dir='ltr'><strong>Epigrammatthus</strong></span> <span class='ocrx_word' id='word_1_694' title='bbox 1586 5072 1685 5129; x_wconf 88' lang='lat' dir='ltr'><strong>cocinit</strong></span> <span class='ocrx_word' id='word_1_695' title='bbox 1700 5073 1741 5128; x_wconf 91' lang='lat' dir='ltr'><strong>di-</strong></span> 
     </span>
    </p>
   </div>
   <div class='ocr_carea' id='block_1_17' title="bbox 110 5122 1041 5215">
    <p class='ocr_par' dir='ltr' id='par_1_42' title="bbox 110 5122 1041 5215">
     <span class='ocr_line' id='line_1_106' title="bbox 110 5122 1041 5215; baseline 0.024 -42"><span class='ocrx_word' id='word_1_696' title='bbox 110 5122 254 5189; x_wconf 88' lang='lat' dir='ltr'><strong>repcritor‚</strong></span> <span class='ocrx_word' id='word_1_697' title='bbox 270 5124 340 5182; x_wconf 89' lang='lat' dir='ltr'><strong>sicut</strong></span> <span class='ocrx_word' id='word_1_698' title='bbox 355 5126 381 5181; x_wconf 89' lang='lat' dir='ltr'><strong>in</strong></span> <span class='ocrx_word' id='word_1_699' title='bbox 396 5127 456 5188; x_wconf 88' lang='lat' dir='ltr'><strong>aliis</strong></span> <span class='ocrx_word' id='word_1_700' title='bbox 467 5130 634 5185; x_wconf 87' lang='lat' dir='ltr'><strong>schematum</strong></span> <span class='ocrx_word' id='word_1_701' title='bbox 649 5133 791 5187; x_wconf 92' lang='lat' dir='ltr'><strong>ordinibus</strong></span> <span class='ocrx_word' id='word_1_702' title='bbox 806 5133 903 5189; x_wconf 89' lang='lat' dir='ltr'><strong>crebro</strong></span> <span class='ocrx_word' id='word_1_703' title='bbox 954 5172 1018 5215; x_wconf 63' lang='lat' dir='ltr'>cens</span> <span class='ocrx_word' id='word_1_704' title='bbox 1034 5174 1041 5211; x_wconf 90' lang='lat'>:</span> 
     </span>
    </p>
   </div>
   <div class='ocr_carea' id='block_1_18' title="bbox 110 5214 902 5637">
    <p class='ocr_par' dir='ltr' id='par_1_43' title="bbox 110 5214 902 5637">
     <span class='ocr_line' id='line_1_107' title="bbox 110 5214 902 5292; baseline 0.018 -27"><span class='ocrx_word' id='word_1_705' title='bbox 110 5214 257 5269; x_wconf 84' lang='lat' dir='ltr'><strong>invenitur.</strong></span> <span class='ocrx_word' id='word_1_706' title='bbox 275 5215 372 5272; x_wconf 86' lang='lat' dir='ltr'><strong>Paulus</strong></span> <span class='ocrx_word' id='word_1_707' title='bbox 388 5219 511 5287; x_wconf 81' lang='lat' dir='ltr'><strong>Quaestor</strong></span> <span class='ocrx_word' id='word_1_708' title='bbox 526 5222 552 5275; x_wconf 89' lang='lat' dir='ltr'><strong>in</strong></span> <span class='ocrx_word' id='word_1_709' title='bbox 568 5224 714 5292; x_wconf 85' lang='lat' dir='ltr'><strong>gratiarum</strong></span> <span class='ocrx_word' id='word_1_710' title='bbox 729 5222 834 5280; x_wconf 87' lang='lat' dir='ltr'><strong>actione</strong></span> <span class='ocrx_word' id='word_1_711' title='bbox 845 5225 902 5280; x_wconf 88' lang='lat' dir='ltr'><strong>ait:</strong></span> 
     </span>
     <span class='ocr_line' id='line_1_108' title="bbox 204 5302 873 5378; baseline 0.015 -24"><span class='ocrx_word' id='word_1_712' title='bbox 204 5302 329 5355; x_wconf 87' lang='lat' dir='ltr'><strong>Oceanum</strong></span> <span class='ocrx_word' id='word_1_713' title='bbox 340 5308 431 5370; x_wconf 89' lang='lat' dir='ltr'><strong>rapidis</strong></span> <span class='ocrx_word' id='word_1_714' title='bbox 440 5309 554 5373; x_wconf 87' lang='lat' dir='ltr'><strong>linquens</strong></span> <span class='ocrx_word' id='word_1_715' title='bbox 563 5320 729 5378; x_wconf 88' lang='lat' dir='ltr'><strong>repetensque</strong></span> <span class='ocrx_word' id='word_1_716' title='bbox 742 5316 873 5378; x_wconf 80' lang='lat' dir='ltr'><strong>quadrigis.</strong></span> 
     </span>
     <span class='ocr_line' id='line_1_109' title="bbox 111 5383 450 5453; baseline 0.018 -15"><span class='ocrx_word' id='word_1_717' title='bbox 111 5383 238 5453; x_wconf 77' lang='lat' dir='ltr'><strong>Virgilius</strong></span> <span class='ocrx_word' id='word_1_718' title='bbox 253 5389 279 5442; x_wconf 93' lang='lat' dir='ltr'><strong>iu</strong></span> <span class='ocrx_word' id='word_1_719' title='bbox 293 5389 427 5447; x_wconf 82' lang='lat' dir='ltr'><strong>bucolicis</strong></span> <span class='ocrx_word' id='word_1_720' title='bbox 443 5409 450 5444; x_wconf 92' lang='lat'>:</span> 
     </span>
     <span class='ocr_line' id='line_1_110' title="bbox 204 5475 862 5545; baseline 0.015 -20"><span class='ocrx_word' id='word_1_721' title='bbox 204 5475 318 5542; x_wconf 84' lang='lat' dir='ltr'><strong>Pergite,</strong></span> <span class='ocrx_word' id='word_1_722' title='bbox 330 5480 452 5545; x_wconf 82' lang='lat' dir='ltr'><strong>Pierides,</strong></span> <span class='ocrx_word' id='word_1_723' title='bbox 465 5483 574 5535; x_wconf 71' lang='lat' dir='ltr'><strong>Chromis</strong></span> <span class='ocrx_word' id='word_1_724' title='bbox 586 5490 612 5536; x_wconf 93' lang='lat' dir='ltr'><strong>et</strong></span> <span class='ocrx_word' id='word_1_725' title='bbox 624 5483 738 5536; x_wconf 84' lang='lat' dir='ltr'><strong>lintstlus</strong></span> <span class='ocrx_word' id='word_1_726' title='bbox 749 5488 772 5535; x_wconf 93' lang='lat' dir='ltr'><strong>in</strong></span> <span class='ocrx_word' id='word_1_727' title='bbox 784 5491 862 5538; x_wconf 88' lang='lat' dir='ltr'><strong>antro.</strong></span> 
     </span>
     <span class='ocr_line' id='line_1_111' title="bbox 111 5553 737 5637; baseline 0.022 -30"><span class='ocrx_word' id='word_1_728' title='bbox 111 5553 221 5610; x_wconf 75' lang='lat' dir='ltr'><strong>Persius</strong></span> <span class='ocrx_word' id='word_1_729' title='bbox 233 5558 345 5616; x_wconf 83' lang='lat' dir='ltr'><strong>Flaccus</strong></span> <span class='ocrx_word' id='word_1_730' title='bbox 358 5564 427 5620; x_wconf 91' lang='lat' dir='ltr'><strong>binis</strong></span> <span class='ocrx_word' id='word_1_731' title='bbox 439 5566 559 5621; x_wconf 83' lang='lat' dir='ltr'><strong>versibus</strong></span> <span class='ocrx_word' id='word_1_732' title='bbox 571 5567 669 5637; x_wconf 82' lang='lat' dir='ltr'><strong>junctis</strong></span> <span class='ocrx_word' id='word_1_733' title='bbox 680 5567 718 5622; x_wconf 89' lang='lat' dir='ltr'><strong>ait</strong></span> <span class='ocrx_word' id='word_1_734' title='bbox 731 5585 737 5621; x_wconf 92' lang='lat'>:</span> 
     </span>
    </p>
   </div>
   <div class='ocr_carea' id='block_1_19' title="bbox 205 5645 876 5778">
    <p class='ocr_par' dir='ltr' id='par_1_44' title="bbox 205 5645 876 5778">
     <span class='ocr_line' id='line_1_112' title="bbox 205 5645 876 5723; baseline 0.022 -28"><span class='ocrx_word' id='word_1_735' title='bbox 205 5645 292 5699; x_wconf 85' lang='lat' dir='ltr'><strong>Nonne</strong></span> <span class='ocrx_word' id='word_1_736' title='bbox 302 5653 401 5712; x_wconf 87' lang='lat' dir='ltr'><strong>quidem</strong></span> <span class='ocrx_word' id='word_1_737' title='bbox 412 5653 458 5716; x_wconf 85' lang='lat' dir='ltr'><strong>iyoc</strong></span> <span class='ocrx_word' id='word_1_738' title='bbox 469 5655 557 5705; x_wconf 87' lang='lat' dir='ltr'><strong>studeo</strong></span> <span class='ocrx_word' id='word_1_739' title='bbox 569 5658 689 5718; x_wconf 84' lang='lat' dir='ltr'><strong>populatis</strong></span> <span class='ocrx_word' id='word_1_740' title='bbox 699 5664 727 5707; x_wconf 92' lang='lat' dir='ltr'><strong>ut</strong></span> <span class='ocrx_word' id='word_1_741' title='bbox 735 5657 793 5708; x_wconf 90' lang='lat' dir='ltr'><strong>mihi</strong></span> <span class='ocrx_word' id='word_1_742' title='bbox 805 5662 876 5723; x_wconf 81' lang='lat' dir='ltr'><strong>nogia</strong></span> 
     </span>
     <span class='ocr_line' id='line_1_113' title="bbox 206 5707 798 5778; baseline 0.027 -23"><span class='ocrx_word' id='word_1_743' title='bbox 206 5707 297 5773; x_wconf 82' lang='lat' dir='ltr'><strong>Pagina</strong></span> <span class='ocrx_word' id='word_1_744' title='bbox 310 5720 434 5777; x_wconf 80' lang='lat' dir='ltr'><strong>tergescat</strong></span> <span class='ocrx_word' id='word_1_745' title='bbox 449 5718 509 5766; x_wconf 86' lang='lat' dir='ltr'><strong>dare</strong></span> <span class='ocrx_word' id='word_1_746' title='bbox 522 5719 614 5778; x_wconf 83' lang='lat' dir='ltr'><strong>pondus</strong></span> <span class='ocrx_word' id='word_1_747' title='bbox 626 5720 712 5770; x_wconf 85' lang='lat' dir='ltr'><strong>idonea</strong></span> <span class='ocrx_word' id='word_1_748' title='bbox 724 5721 798 5771; x_wconf 82' lang='lat' dir='ltr'><strong>furno.</strong></span> 
     </span>
    </p>
   </div>
   <div class='ocr_carea' id='block_1_20' title="bbox 956 5247 1743 5766">
    <p class='ocr_par' dir='ltr' id='par_1_45' title="bbox 1033 5247 1683 5313">
     <span class='ocr_line' id='line_1_114' title="bbox 1033 5247 1683 5313; baseline 0.011 -16"><span class='ocrx_word' id='word_1_749' title='bbox 1033 5248 1108 5300; x_wconf 86' lang='lat' dir='ltr'><strong>ticcta</strong></span> <span class='ocrx_word' id='word_1_750' title='bbox 1120 5247 1204 5300; x_wconf 84' lang='lat' dir='ltr'><strong>voleus</strong></span> <span class='ocrx_word' id='word_1_751' title='bbox 1215 5248 1318 5311; x_wconf 86' lang='lat' dir='ltr'><strong>animus,</strong></span> <span class='ocrx_word' id='word_1_752' title='bbox 1329 5253 1428 5313; x_wconf 91' lang='lat' dir='ltr'><strong>sapiens</strong></span> <span class='ocrx_word' id='word_1_753' title='bbox 1439 5261 1465 5305; x_wconf 94' lang='lat' dir='ltr'><strong>et</strong></span> <span class='ocrx_word' id='word_1_754' title='bbox 1475 5259 1567 5306; x_wconf 87' lang='lat' dir='ltr'><strong>amator</strong></span> <span class='ocrx_word' id='word_1_755' title='bbox 1578 5255 1683 5306; x_wconf 60' lang='lat' dir='ltr'><strong>honesti.</strong></span> 
     </span>
    </p>

    <p class='ocr_par' dir='ltr' id='par_1_46' title="bbox 956 5331 1743 5677">
     <span class='ocr_line' id='line_1_115' title="bbox 992 5331 1740 5409; baseline 0.011 -24"><span class='ocrx_word' id='word_1_756' title='bbox 992 5332 1021 5386; x_wconf 88' lang='lat' dir='ltr'><strong>b.</strong></span> <span class='ocrx_word' id='word_1_757' title='bbox 1040 5331 1108 5398; x_wconf 82' lang='lat' dir='ltr'><strong>Quid</strong></span> <span class='ocrx_word' id='word_1_758' title='bbox 1130 5346 1202 5401; x_wconf 89' lang='lat' dir='ltr'><strong>crgu,</strong></span> <span class='ocrx_word' id='word_1_759' title='bbox 1222 5347 1392 5404; x_wconf 90' lang='lat' dir='ltr'><strong>nunquamne</strong></span> <span class='ocrx_word' id='word_1_760' title='bbox 1409 5337 1531 5409; x_wconf 89' lang='lat' dir='ltr'><strong>dactylus</strong></span> <span class='ocrx_word' id='word_1_761' title='bbox 1551 5339 1578 5390; x_wconf 92' lang='lat' dir='ltr'><strong>in</strong></span> <span class='ocrx_word' id='word_1_762' title='bbox 1600 5339 1651 5392; x_wconf 86' lang='lat' dir='ltr'><strong>hnc</strong></span> <span class='ocrx_word' id='word_1_763' title='bbox 1738 5365 1740 5369; x_wconf 83' lang='lat'><strong>.</strong></span> 
     </span>
     <span class='ocr_line' id='line_1_116' title="bbox 956 5422 1742 5495; baseline 0.001 -16"><span class='ocrx_word' id='word_1_764' title='bbox 956 5426 1017 5480; x_wconf 89' lang='lat' dir='ltr'><strong>turi</strong></span> <span class='ocrx_word' id='word_1_765' title='bbox 1031 5454 1065 5463; x_wconf 91' lang='lat'>—</span> <span class='ocrx_word' id='word_1_766' title='bbox 1081 5424 1115 5478; x_wconf 92' lang='grc' dir='ltr'><strong>Μ.</strong></span> <span class='ocrx_word' id='word_1_767' title='bbox 1128 5422 1218 5479; x_wconf 85' lang='lat' dir='ltr'><strong>Potest</strong></span> <span class='ocrx_word' id='word_1_768' title='bbox 1235 5425 1354 5494; x_wconf 90' lang='lat' dir='ltr'><strong>quidem,</strong></span> <span class='ocrx_word' id='word_1_769' title='bbox 1371 5435 1399 5481; x_wconf 91' lang='lat' dir='ltr'><strong>nt</strong></span> <span class='ocrx_word' id='word_1_770' title='bbox 1412 5428 1467 5482; x_wconf 88' lang='lat' dir='ltr'><strong>rntt</strong></span> <span class='ocrx_word' id='word_1_771' title='bbox 1486 5427 1619 5495; x_wconf 84' lang='lat' dir='ltr'><strong>Virgilius,</strong></span> <span class='ocrx_word' id='word_1_772' title='bbox 1630 5427 1676 5482; x_wconf 86' lang='lat' dir='ltr'><strong>sed</strong></span> <span class='ocrx_word' id='word_1_773' title='bbox 1689 5444 1742 5482; x_wconf 76' lang='lat' dir='ltr'><strong>tun.</strong></span> 
     </span>
     <span class='ocr_line' id='line_1_117' title="bbox 957 5514 1743 5586; baseline 0.005 -17"><span class='ocrx_word' id='word_1_774' title='bbox 957 5514 983 5569; x_wconf 93' lang='lat' dir='ltr'><strong>iu</strong></span> <span class='ocrx_word' id='word_1_775' title='bbox 998 5531 1029 5570; x_wconf 94' lang='lat' dir='ltr'><strong>co</strong></span> <span class='ocrx_word' id='word_1_776' title='bbox 1049 5515 1092 5583; x_wconf 87' lang='lat' dir='ltr'><strong>qui</strong></span> <span class='ocrx_word' id='word_1_777' title='bbox 1106 5524 1218 5571; x_wconf 72' lang='lat' dir='ltr'><strong>caeteros</strong></span> <span class='ocrx_word' id='word_1_778' title='bbox 1242 5531 1335 5571; x_wconf 92' lang='lat' dir='ltr'><strong>omnes</strong></span> <span class='ocrx_word' id='word_1_779' title='bbox 1349 5516 1469 5586; x_wconf 88' lang='lat' dir='ltr'><strong>dactylos</strong></span> <span class='ocrx_word' id='word_1_780' title='bbox 1493 5516 1589 5582; x_wconf 90' lang='lat' dir='ltr'><strong>hahet;</strong></span> <span class='ocrx_word' id='word_1_781' title='bbox 1612 5517 1693 5573; x_wconf 81' lang='lat' dir='ltr'><strong>uoluti</strong></span> <span class='ocrx_word' id='word_1_782' title='bbox 1716 5520 1743 5574; x_wconf 91' lang='lat' dir='ltr'><strong>in</strong></span> 
     </span>
     <span class='ocr_line' id='line_1_118' title="bbox 957 5606 1117 5677; baseline 0 -16"><span class='ocrx_word' id='word_1_783' title='bbox 957 5606 1095 5677; x_wconf 84' lang='lat' dir='ltr'><strong>Georgicis</strong></span> <span class='ocrx_word' id='word_1_784' title='bbox 1112 5625 1117 5661; x_wconf 94' lang='lat'><strong>:</strong></span> 
     </span>
    </p>

    <p class='ocr_par' dir='ltr' id='par_1_47' title="bbox 1032 5698 1658 5766">
     <span class='ocr_line' id='line_1_119' title="bbox 1032 5698 1658 5766; baseline 0.011 -20"><span class='ocrx_word' id='word_1_785' title='bbox 1032 5698 1080 5747; x_wconf 77' lang='lat' dir='ltr'><strong>aut</strong></span> <span class='ocrx_word' id='word_1_786' title='bbox 1092 5711 1188 5761; x_wconf 86' lang='lat' dir='ltr'><strong>spumas</strong></span> <span class='ocrx_word' id='word_1_787' title='bbox 1199 5701 1302 5750; x_wconf 88' lang='lat' dir='ltr'><strong>miscent</strong></span> <span class='ocrx_word' id='word_1_788' title='bbox 1311 5701 1409 5760; x_wconf 74' lang='lat' dir='ltr'><strong>argenti</strong></span> <span class='ocrx_word' id='word_1_789' title='bbox 1423 5699 1523 5763; x_wconf 87' lang='lat' dir='ltr'><strong>riraque</strong></span> <span class='ocrx_word' id='word_1_790' title='bbox 1535 5701 1658 5766; x_wconf 84' lang='lat' dir='ltr'><strong>sulplrnra,</strong></span> 
     </span>
    </p>
   </div>
   <div class='ocr_carea' id='block_1_21' title="bbox 110 5780 1520 5875">
    <p class='ocr_par' dir='ltr' id='par_1_48' title="bbox 110 5780 1520 5875">
     <span class='ocr_line' id='line_1_120' title="bbox 110 5780 1520 5875; baseline 0.018 -32"><span class='ocrx_word' id='word_1_791' title='bbox 110 5785 219 5861; x_wconf 90' lang='lat' dir='ltr'><strong>ltaque,</strong></span> <span class='ocrx_word' id='word_1_792' title='bbox 234 5792 301 5849; x_wconf 87' lang='lat' dir='ltr'><strong>sicut</strong></span> <span class='ocrx_word' id='word_1_793' title='bbox 321 5792 349 5853; x_wconf 91' lang='lat' dir='ltr'><strong>iu</strong></span> <span class='ocrx_word' id='word_1_794' title='bbox 364 5811 443 5854; x_wconf 86' lang='lat' dir='ltr'><strong>rerau</strong></span> <span class='ocrx_word' id='word_1_795' title='bbox 458 5797 585 5864; x_wconf 85' lang='lat' dir='ltr'><strong>tredecim</strong></span> <span class='ocrx_word' id='word_1_796' title='bbox 604 5798 768 5869; x_wconf 86' lang='lat' dir='ltr'><strong>syllabarum</strong></span> <span class='ocrx_word' id='word_1_797' title='bbox 783 5802 906 5875; x_wconf 81' lang='lat' dir='ltr'><strong>dactylus</strong></span> <span class='ocrx_word' id='word_1_798' title='bbox 958 5794 1037 5850; x_wconf 60' lang='lat' dir='ltr'><strong>‘lum</strong></span> <span class='ocrx_word' id='word_1_799' title='bbox 1052 5780 1158 5852; x_wconf 62' lang='lat' dir='ltr'><strong>quidm</strong></span> <span class='ocrx_word' id='word_1_800' title='bbox 1173 5781 1334 5840; x_wconf 43' lang='lat' dir='ltr'><strong>invenem&amp;</strong></span> <span class='ocrx_word' id='word_1_801' title='bbox 1350 5780 1389 5838; x_wconf 53' lang='lat'><strong>“⁰</strong></span> <span class='ocrx_word' id='word_1_802' title='bbox 1404 5781 1495 5855; x_wconf 59' lang='lat' dir='ltr'><strong>&#39;‘W&#39;‘</strong></span> <span class='ocrx_word' id='word_1_803' title='bbox 1511 5800 1520 5838; x_wconf 75' lang='lat'>²</span> 
     </span>
    </p>
   </div>
   <div class='ocr_carea' id='block_1_22' title="bbox 0 0 1924 6114">
    <p class='ocr_par' dir='ltr' id='par_1_49' title="bbox 0 0 1924 6114">
     <span class='ocr_line' id='line_1_121' title="bbox 0 0 1924 6114; baseline 0 0"><span class='ocrx_word' id='word_1_804' title='bbox 0 0 1924 6114; x_wconf 95' lang='lat' dir='ltr'><strong> </strong></span> 
     </span>
    </p>
   </div>
  </div>
 </body>
</html>
