3832 6114
135 335 189 394 9Ιὸ

651 324 789 383 notitia
809 324 841 380 tri
861 325 891 380 S.
912 319 1257 381 dumblainensem.

1720 318 1773 377 titt

139 443 462 509 memoratissimum,
478 436 674 507 prudenterque
691 439 845 503 elaborans,
860 439 930 492 sient
945 439 969 498 Α
983 449 1030 493 sus
1052 434 1152 506 degeris
1170 435 1246 492 risit.
1265 441 1278 469 ἃ
1294 433 1343 489 llic
1367 433 1535 490 beatissimus
1558 448 1625 504 papa
1640 449 1690 490 suo
1710 449 1774 504 pru-

138 534 287 604 antiquitus
298 531 358 597 luit,
368 544 463 585 rursus
473 529 543 597 qraod
552 528 685 584 ceciderat
696 528 840 597 repararit,
852 537 933 595 ataine

139 620 427 699 optimerestauiaiit.
453 616 502 673 llic
529 619 680 688 praecipuus
706 616 825 689 pontiies
850 617 932 672 multa

140 706 200 777 ioca
224 722 377 772 mortorum
400 711 426 766 iii
450 710 587 766 meliorem
606 718 705 764 statum
730 709 864 779 perduxit.
899 710 933 765 lit

139 816 232 867 mres
242 804 358 876 optimas
377 803 560 873 superaltaria
575 802 730 858 earumdem
740 802 787 858 liei
802 803 933 859 Ecclesia·

141 895 291 955 coniecit.
314 893 364 950 llic
388 893 481 949 dilexit
509 891 611 948 clerum
640 907 718 948 suum
739 892 826 957 ralde,
852 901 932 964 atque

140 984 360 1060 presbyteriaeis
385 999 474 1040 ariane
497 984 522 1038 in
536 982 618 1052 duplo
640 991 666 1040 et
689 983 802 1054 amplius
829 982 929 1040 tribuit.

139 1080 251 1144 onnes,
269 1085 362 1148 utpote
380 1084 456 1144 pater
482 1082 511 1130 et
534 1075 622 1130 bonus
643 1082 744 1143 pastor,
768 1074 933 1145 amplecteris

139 1174 169 1225 et
185 1166 288 1223 utiliter
302 1166 406 1231 loreas,
422 1170 450 1218 et
463 1163 570 1232 penitus
585 1162 739 1233 quempiam
759 1162 869 1220 minime
883 1166 933 1221 tri·

139 1257 230 1315 laniari
243 1255 413 1327 permitteris:
440 1252 524 1323 liujus
536 1252 626 1320 itaque
641 1252 805 1321 temporibus
820 1253 847 1307 iri
873 1270 933 1309 ma-

141 1360 197 1421 gua
209 1345 354 1405 securitate
367 1352 395 1401 et
406 1341 497 1398 laetitia
521 1341 634 1411 populus
647 1356 663 1396 a
680 1343 735 1397 lieo
750 1341 789 1397 illi
802 1343 930 1401 commis·

984 526 1148 583 deotissime
1161 526 1250 582 studio
1264 539 1331 596 quos
1355 525 1441 580 beatae
1456 523 1649 579 recordationis
1674 524 1773 594 Crego·

984 617 1041 675 rias
1057 631 1124 689 papa
1147 615 1209 672 iecit
1221 625 1336 686 quatuor
1351 615 1611 687 Dialogorumlibros
1625 614 1660 670 de
1680 613 1774 669 Latino

985 716 1013 770 iu
1024 715 1146 771 Graccum
1163 711 1299 769 transtulit
1312 711 1460 781 eloquium,
1474 719 1502 766 et
1515 710 1616 780 piures,
1631 707 1676 780 qui
1698 708 1773 764 Lati·

985 818 1048 860 nain
1058 804 1396 875 ignorantlectioaem,per
1406 802 1527 872 ciusdem
1540 801 1663 859 lectionis
1677 800 1775 856 illumi·

985 894 1059 951 aarit
1072 894 1222 950 historiam.
1243 891 1551 949 llielecitordinatioaes
1567 901 1624 947 tres
1638 904 1687 960 per
1697 903 1773 945 meii-

985 1000 1043 1043 sem
1057 986 1178 1042 llartium
1191 1004 1198 1055 ;
1213 984 1315 1043 crearit
1329 985 1501 1059 presbyteros
1515 1001 1582 1054 ιιι,
1603 984 1732 1042 diaconos
1747 998 1772 1047 r,

985 1077 1127 1149 episcopas
1140 1092 1188 1149 per
1201 1078 1306 1135 diversa
1319 1077 1376 1134 loca
1389 1093 1486 1134 irsrr.
1507 1077 1559 1146 Qui
1570 1075 1583 1115 i
1597 1078 1718 1146 sepultus
1730 1084 1773 1130 est

986 1169 1020 1224 ad
1036 1169 1141 1225 beatum
1156 1169 1264 1225 Petrum
1279 1171 1430 1239 apostolum
1446 1168 1535 1224 idibus
1557 1167 1660 1231 llartii,
1677 1167 1770 1222 indict.

988 1272 1015 1329 r,
1031 1259 1180 1318 etcessarlt
1193 1259 1362 1332 episcopatus
1381 1260 1439 1332 ejus
1453 1260 1511 1318 dies
1535 1260 1579 1315 la.

826 1481 1004 1543 tanlotttttt
1024 1486 1140 1545 NOTAE.

141 1604 215 1665 batti
240 1598 371 1673 Gregorii,
398 1604 425 1653 et
438 1595 573 1680 praecipue
594 1593 717 1653 liomilias
731 1597 758 1652 in
783 1595 927 1670 Evangelia

983 1609 1038 1658 toto
1059 1602 1125 1659 orbe
1137 1600 1271 1658 celebrem
1293 1609 1320 1656 et
1333 1602 1487 1666 apostoticae
1501 1602 1574 1660 sedis
1590 1602 1711 1669 dignitati
1726 1616 1773 1657 ait·

141 1672 288 1740 laudando,
303 1684 376 1724 araia
390 1675 480 1738 patius
495 1666 689 1734 ministrasset,
705 1682 758 1722 naa
774 1667 929 1725 abstulisset
981 1671 1418 1741 ctoritathuenimisiaitorabilem
1428 1674 1523 1727 tacitns
1533 1671 1773 1742 praeterireauctor

140 1744 260 1808 Catium,
276 1741 321 1810 aui
333 1755 368 1795 ex
382 1737 441 1808 rjus
455 1737 535 1793 etiam
557 1735 740 1806 eontesstoae,
757 1747 784 1792 et
797 1752 928 1794 summam
945 1720 1136 1827 Bpontilleius
1163 1743 1274 1798 minime
1300 1742 1438 1798 noluisset.
1453 1741 1506 1799 Sed
1532 1738 1617 1798 ideui'
1629 1741 1773 1796 Zocliarias

141 1816 316 1886 Gregoriance
338 1809 468 1863 doctrinae
494 1807 680 1862 auctoritatem
702 1822 840 1875 asserere,
855 1818 882 1864 et
896 1824 930 1865 ex

142 1885 251 1954 seriptis
281 1881 402 1951 ejusdem
433 1877 555 1947 Gregorii
585 1878 782 1944 processionem
812 1878 930 1947 Spiritus

137 1954 229 2017 ‚sancti
253 1969 287 2009 er
304 1954 383 2008 Patre
408 1947 539 2019 Filioque,
556 1946 625 2003 lariti
647 1949 754 2019 negotio
780 1950 932 2018 patuissent

141 2024 293 2085 attendere.
310 2021 431 2076 Marsus.

180 2093 264 2148 ·llic
285 2091 442 2147 beatissimus
466 2105 557 2158 papa,
579 2097 631 2142 ete.
663 2087 820 2144 Zachariam
848 2091 931 2148 libros

143 2166 316 2236 Dialogorum
332 2160 417 2216 sancti
434 2158 556 2229 Gregorii
573 2158 688 2228 llagnie
705 2160 799 2212 Latino
813 2162 838 2215 iri
853 2162 931 2218 Crat-

143 2251 209 2295 cum
223 2232 403 2296 transtulisse,
416 2229 931 2298 traduntdiiastasiusbibliothecarius,

143 2308 172 2364 iu
186 2304 324 2378 clusina,
350 2300 470 2361 l‘liatius,
496 2298 595 2354 Codice
607 2297 670 2362 232,
687 2307 714 2353 et
728 2299 846 2355 ioannes
864 2302 929 2355 bia-

146 2391 243 2441 conus,
264 2375 311 2430 lili.
328 2388 366 2436 ιι,
381 2385 441 2440 cap.
456 2370 492 2424 75
520 2369 587 2422 Vitae
610 2368 731 2436 eiusdem
754 2372 839 2425 saneti
864 2371 932 2427 Cie-

144 2446 280 2512 guntoni
302 2443 410 2498 scribit:
437 2442 506 2505 Quos
521 2438 598 2492 libras
614 2440 727 2503 (scilieet
749 2440 932 2513 llialogorum)

145 2517 390 2574 zaetimtarsanctu
405 2511 528 2566 liamaacc
546 2509 669 2563 Ecclesiae
680 2513 824 2581 episcopus,
840 2510 932 2566 Gracco

145 2587 289 2658 Latinoque
303 2582 597 2643 ternionedoctirrimus,
607 2581 761 2645 temporibus
773 2580 933 2636 Constantini

144 2656 320 2743 imperaturis,
349 2661 405 2722 port
429 2666 510 2705 airnor
543 2651 623 2712 leriae
648 2659 750 2704 centuni
773 2654 933 2723 septuaginta

165 2743 265 2797 ariique
288 2723 449 2791 (aiiindeeim
463 2720 495 2773 ad
515 2720 605 2774 miuus
630 2735 714 2774 aanor
732 2722 791 2788 plus
810 2731 933 2777 numerat

146 2746 266 2854 ioannes
290 2791 432 2860 biacoausl
449 2793 475 2846 t'tt
494 2789 612 2845 Graecam
631 2791 746 2859 linguam
771 2804 932 2859 conuertens,

148 2865 323 2924 Orientalibus
338 2862 455 2918 Ercieriis
469 2859 616 2929 diuulgauit,
632 2861 745 2928 quamuis
756 2870 841 2914 astuta
859 2860 933 2916 Grae·

147 2953 236 2996 corum
251 2935 400 3006 peruersitas
414 2934 442 2988 ia
464 2931 703 2984 conmemoratione
718 2931 832 2996 Spiritus
852 2933 934 2986 tancti

146 3007 256 3066 ttFatre
275 3004 431 3069 rraaedentis
454 3017 544 3057 numen
569 2998 634 3055 Filii
646 3001 759 3071 suaptim
782 3001 875 3057 raacnr
889 3003 934 3057 ab·

983 1814 1122 1887 ignorabat
1133 1813 1179 1898 qui
1193 1826 1274 1868 teras
1297 1822 1368 1869 esset
1392 1812 1555 1868 Francorum
1571 1827 1629 1876 res,
1645 1814 1700 1866 imo
1723 1827 1771 1877 pra

983 1899 1047 1940 ree
1075 1883 1199 1940 babuisse
1222 1882 1347 1938 Carnium
1363 1881 1512 1937 llartrlluia
1538 1892 1641 1953 patrem
1667 1882 1774 1950 Fippini

983 1900 1083 2011 tritaet
1106 1954 1132 2009 io
1159 1953 1271 2023 epistola
1299 1953 1332 2007 ad
1360 1951 1524 2008 Boiiilaeiiim
1541 1951 1772 2022 aretitepiscnpum

984 2024 1166 2096 lluguntiiium
1181 2024 1254 2092 data,
1267 2032 1296 2080 et
1306 2023 1333 2078 ia
1344 2023 1455 2091 epistola
1467 2022 1495 2085 5,
1507 2024 1540 2079 ad
1554 2023 1691 2088 eumdem,
1704 2038 1774 2076 miii·

983 2105 1063 2165 cupat
1092 2093 1161 2150 lilios
1188 2094 1309 2163 ciusdem
1332 2092 1421 2148 Caroli
1453 2093 1590 2161 principes
1616 2092 1773 2150 Galliarum.

983 2163 1132 2234 Scriptores
1157 2178 1237 2233 porro
1253 2161 1310 2218 iere
1329 2177 1423 2218 omnes
1446 2162 1613 2231 Steplianum
1639 2173 1776 2218 auctorem

984 2234 1083 2290 iaciunt
1097 2233 1270 2301 depositionis
1281 2233 1425 2287 Cliildericl
1439 2243 1466 2287 et
1478 2234 1653 2288 absolutionis
1669 2231 1775 2302 Pippini

984 2320 1000 2361 a
1015 2305 1131 2374 perjurio
1143 2305 1169 2359 iii
1185 2318 1286 2374 regem,
1298 2318 1351 2358 aon
1366 2303 1533 2358 zachariam.
1547 2334 1582 2344 -
1594 2303 1635 2359 lid
1649 2317 1775 2358 numero-

984 2390 1044 2431 suin
1058 2389 1154 2445 agmen
1167 2375 1328 2441 scriptorum
1342 2373 1386 2443 qui
1401 2373 1471 2429 idem
1489 2372 1587 2429 iactum
1604 2382 1774 2443 posterorum

985 2447 1122 2501 memoriae
1133 2444 1294 2499 niaiidaront
1305 2444 1449 2513 respondet
1460 2459 1600 2499 numerum
1612 2445 1774 2514 scriptorum

984 2515 1084 2570 nullius
1103 2530 1163 2570 esse
1184 2513 1312 2579 ponderis
1334 2513 1366 2567 ad
1391 2515 1576 2570 auctoritatem
1601 2513 1777 2575 faciendam,

984 2601 1045 2642 euin
1069 2583 1227 2640 certissimis
1249 2584 1417 2638 documentis
1440 2584 1497 2638 lalsi
1523 2586 1735 2647 coiivtneanim,
1750 2596 1777 2638 ei

986 2656 1045 2710 lons
1059 2656 1226 2724 indigitetur,
1238 2669 1270 2709 cr
1286 2669 1339 2722 quo
1351 2651 1476 2724 ligmeuta
1491 2655 1636 2710 hauserunt
1648 2671 1656 2718 ;
1674 2655 1775 2709 lentem

985 2735 1075 2781 autem
1091 2739 1152 2780 esse
1163 2723 1356 2792 Egintiardum,
1368 2740 1381 2776 a
1392 2738 1446 2791 ano
1458 2739 1552 2780 omnes
1562 2725 1683 2780 camdem
1699 2722 1776 2778 iabu-

987 2796 1039 2852 lam
1053 2803 1225 2864 acceperunt,
1238 2803 1265 2849 et
1278 2795 1353 2848 notris
1365 2797 1524 2849 commentis
1537 2803 1686 2859 auxerunt;
1699 2794 1778 2860 Egla·

987 2866 1099 2922 lrtrdum
1112 2867 1198 2934 ipsunt
1212 2863 1288 2919 lateri
1301 2865 1328 2917 iii
1341 2863 1399 2918 Vita
1409 2863 1498 2918 Caroli
1514 2864 1599 2936 stagni
1610 2880 1640 2920 se
1653 2865 1777 2933 ignorare

985 2951 1045 3061 flurs
1059 2937 1093 2991 ad
1108 2935 1273 2991 nativitatem
1297 2942 1324 2990 et
1339 2933 1479 2990 infantiam
1500 2935 1589 2991 Caroli
1610 2935 1777 3003 spectabant,

1005 3005 1091 3062 electu
1120 3005 1292 3075 probatorum
1317 3016 1456 3060 auctorum
1483 3006 1533 3075 qtii
1551 3021 1584 3061 ea
1608 3005 1777 3073 scripserint,

147 3079 259 3135 strimit.
273 3076 337 3132 llam
350 3090 411 3131 eum
423 3073 520 3128 librari
531 3070 714 3138 Diaingorum,
729 3086 788 3140 cap.
804 3075 853 3127 ult.
867 3074 934 3128 scri·
949 3078 972 3141 c
988 3078 1123 3147 multoque
1149 3076 1235 3145 magis
1258 3077 1396 3145 ignorasse
1426 3091 1485 3141 aua
1503 3076 1582 3131 *illius
1610 3074 1775 3129 puriritatem

148 3158 223 3274 ῗιιιιι
238 3148 390 3217 reliquisset
415 3143 576 3266 Caeparius:
597 3138 662 3196 Cani
675 3143 742 3195 caim
756 3152 862 3205 constet,
875 3144 936 3210 qaia
988 3155 1201 3218 praecesserarit;
1216 3146 1282 3201 laisa
1296 3160 1358 3200 esse
1372 3161 1431 3216 que
1445 3147 1478 3200 de
1493 3146 1705 3215 ignariaregunt
1721 3143 1776 3198 lle·

173 3220 299 3274 crucietur
315 3216 459 3287 spiritura
493 3222 548 3267 atre
562 3228 663 3337 sanarer
677 3213 798 3282 procedat
810 3224 833 3269 et
852 3213 935 3283 Filia,
988 3217 1159 3288 ratiiigorum
1175 3215 1308 3284 vulgarit:
1328 3217 1402 3284 plura
1422 3214 1537 3272 luctasse
1552 3218 1695 3272 abeodem
1710 3228 1777 3269 cori-

149 3288 177 3345 ia
191 3290 300 3360 vulgato
316 3284 455 3342 zachariae
467 3291 593 3338 contestu
607 3353 612 3364 ι
631 3296 701 3364 raeco
712 3282 822 3349 legitur:
842 3285 936 3355 Aperte
989 3287 1061 3355 licta,
1073 3297 1101 3342 ut
1114 3286 1221 3357 iegibus
1235 3284 1400 3353 Carlovingis
1414 3286 1583 3352 adtilaretur;
1600 3287 1709 3341 barbani
1724 3300 1777 3339 nori

148 3358 305 3483 iplmrssatet
318 3360 386 3426 qaod
401 3353 555 3408 Paracletus
565 3351 679 3425 Spiritus
692 3368 709 3406 a
723 3352 802 3409 Patre
812 3354 934 3426 procedit,
987 3356 1089 3412 aluisse
1113 3357 1283 3424 promissam,
1297 3354 1343 3420 nui
1359 3356 1415 3409 iere
1429 3371 1524 3412 omncs
1539 3356 1673 3412 imberbes
1686 3355 1779 3409 deces-

149 3439 173 3485 rt
186 3431 215 3485 r'a
243 3429 297 3484 'ilia
308 3433 446 3496 ammonet.
463 3425 571 3481 Fiaius.
987 3437 1095 3491 seruam
1110 3426 1211 3496 regiam
1222 3426 1327 3478 illorum
1339 3425 1562 3493 magnificentiam
1575 3441 1639 3495 erga
1651 3424 1778 3479 ecelesias

183 3498 198 3541 i
215 3499 335 3572 Sepultus
350 3507 385 3552 est
403 3497 437 3550 ad
449 3496 549 3550 beatum
571 3492 674 3574 Petram
688 3493 831 3562 apostolum
845 3491 937 3550 idibus
988 3507 1016 3553 et
1030 3495 1192 3552 iitoaasteria
1212 3495 1277 3549 satis
1297 3493 1420 3549 releilere
1442 3505 1615 3566 exaggeratas
1629 3494 1778 3564 angustias,

151 3568 250 3636 llarrii,
270 3569 408 3622 indictione
420 3564 446 3618 5.
462 3565 559 3645 ltesnm
575 3562 639 3616 milii
655 3576 698 3643 res
712 3572 754 3644 est
775 3577 835 3618 cum
852 3565 937 3620 Natali
989 3575 1018 3623 ut
1033 3567 1095 3621 nibil
1114 3565 1281 3636 possederint
1297 3574 1393 3635 praeter
1406 3565 1530 3636 perparvi
1544 3563 1662 3620 redditus
1677 3564 1777 3625 sillum,

150 3640 312 3702 Alexandro,
327 3638 384 3706 qui,
399 3637 425 3688 in
446 3633 560 3688 llistoria
576 3631 756 3713 ecclesiastica
772 3634 863 3688 sacnti
875 3649 932 3702 viii,
989 3646 1015 3692 et
1031 3638 1178 3707 precarium
1202 3635 1265 3690 ritae
1290 3634 1471 3706 stipendium,
1487 3635 1557 3706 quod
1578 3636 1616 3691 eis
1631 3633 1700 3689 aulae
1713 3649 1779 3702 prai-

149 3718 169 3767 t.
188 3710 230 3774 t,
252 3708 380 3762 adsersus
405 3706 502 3759 nubent
530 3709 634 3757 testium
653 3717 707 3758 urio
730 3718 777 3759 ore
797 3704 933 3760 atllrmaii-
989 3706 1074 3764 iectus
1087 3707 1240 3772 attributam
1255 3714 1359 3761 veteres
1371 3705 1535 3762 Francorum
1545 3705 1691 3759 annalistas
1706 3705 1778 3758 eirca

149 3780 217 3835 tium
244 3777 444 3832 translationem
468 3772 541 3854 regni
563 3771 726 3855 Francorum
748 3789 764 3829 a
784 3772 937 3830 Cliilderico
989 3787 1094 3845 tempus
1109 3793 1161 3832 nori
1177 3777 1246 3831 idem
1261 3776 1360 3831 sentire
1374 3795 1379 3829 :
1392 3777 1482 3844 plnres
1494 3775 1635 3845 Pippiunm
1651 3774 1777 3830 tlironuiii

145 3849 248 3907 'ultima
262 3862 293 3903 er
317 3846 424 3916 regibus
439 3843 600 3911 llerormgis
614 3842 647 3897 ad
668 3843 806 3914 Pippinum
823 3843 937 3914 primuni
988 3849 1144 3904 ascendisse
1166 3862 1236 3901 anno
1256 3845 1320 3912 lid,
1336 3847 1405 3902 alios
1419 3861 1482 3902 reio
1503 3861 1574 3900 anno
1588 3843 1653 3909 753,
1668 3845 1735 3899 alios
1750 3844 1777 3897 iii

149 3932 185 3977 ex
203 3916 372 3985 Carloriiigis
387 3912 544 3969 auctoritate
564 3915 710 3981 apostolica
733 3911 829 3969 iactam
844 3915 937 3981 luisse,
987 3922 1085 3989 liegem
1102 3919 1268 3972 inunctnma
1288 3915 1424 3973 liauilacio
1444 3914 1646 3984 archiepiscopo
1665 3915 1778 3983 liogan—

149 3989 177 4045 id
197 3987 338 4058 praelracte
362 3993 449 4054 negat,
471 3985 587 4106 §alutam
611 3999 675 4048 esre,
697 3983 829 4053 iuquiens,
843 3993 894 4039 art.
910 3983 937 4050 5,
990 3988 1056 4053 tino,
1079 3989 1145 4042 alios
1168 4002 1183 4041 a
1205 3986 1343 4054 Stephano
1371 3988 1497 4056 pontiden
1522 3985 1660 4046 itonam:
1685 3998 1777 4040 errare

148 4057 454 4129 ciejusdemsuculi,
493 4051 937 4123 ariariaiiomanapontificcsuu·
989 4057 1705 4128 etiarncircalocum,Suessionoidcontigisso,cum
1717 4055 1778 4123 l‘ip·

148 4145 224 4193 sore,
237 4130 275 4182 acl
297 4136 411 4191 auctare,
428 4133 620 4180 exauctoratum
640 4140 693 4178 essa
715 4122 889 4179 Cliildericum
913 4135 939 4180 et
991 4131 1094 4197 pioiisa
1110 4127 1247 4197 Stephano
1258 4139 1353 4183 unctus
1363 4126 1390 4181 iii
1404 4142 1493 4198 regem
1508 4127 1589 4184 luerit
1604 4127 1631 4180 iii
1645 4138 1779 4182 monaste-

148 4198 291 4272 Pippinnni
305 4194 700 4277 regenironriitatam.'Quibus
713 4196 878 4266 argumentis
894 4195 933 4250 ni·
989 4199 1030 4253 rio
1044 4197 1273 4268 San-ilioriysinao
1297 4199 1355 4267 agri
1370 4198 1546 4262 l‘arisiensis,
1560 4197 1712 4253 Cliildeiieo
1723 4196 1779 4266 jam

149 4278 235 4336 tatur,
247 4283 334 4349 qtantic
350 4279 453 4323 ratione
468 4267 634 4334 apertissima
646 4278 765 4322 ueterum
777 4267 937 4333 scriptarum
990 4269 1126 4331 detuncto,
1140 4275 1170 4321 ut
1195 4267 1289 4323 scribit
1312 4269 1469 4325 Anastasius
1495 4268 1523 4323 in
1548 4267 1607 4322 Vita
1631 4267 1780 4337 Stepbani;

149 4346 305 4397 testimonia
332 4339 442 4392 eluilere
470 4345 583 4406 satagat,
596 4337 687 4405 paucis
713 4338 886 4406 complectar.
901 4366 938 4379 -
991 4341 1097 4394 tandem
1112 4339 1271 4393 auctoritate
1296 4340 1429 4409 pontilicis
1456 4354 1532 4395 more
1547 4338 1711 4394 Francorum
1727 4338 1783 4394 ele·

151 4410 217 4467 illud
243 4410 357 4480 primum
380 4407 482 4462 Natalis
507 4422 555 4474 pro
579 4404 754 4461 laudamento
769 4407 850 4474 locat,
867 4407 937 4461 liaud
991 4419 1080 4464 uatum
1096 4410 1237 4477 Pippiouiu
1248 4409 1280 4464 ad
1295 4411 1533 4480 regiiuni,auando
1547 4425 1606 4465 mos
1617 4409 1782 4466 Francorum

148 4481 295 4537 eoarcnire
318 4481 388 4534 inter
410 4493 440 4532 se
459 4486 563 4533 ueteres
578 4478 724 4531 annalistas
739 4475 843 4531 laetanc
857 4476 937 4532 luerit
990 4494 1044 4536 nari
1059 4480 1109 4535 lult
1122 4493 1199 4549 reges
1212 4495 1226 4533 a
1241 4479 1363 4537 llomaiiu
1377 4481 1504 4550 pontifice
1521 4481 1657 4550 postulare
1672 4490 1698 4534 et
1711 4479 1783 4532 acci-

149 4550 283 4621 depasitio
305 4548 467 4615 Cliilderici,
484 4557 511 4601 et
526 4546 630 4616 l‘ippiiti
642 4547 676 4600 ad
689 4560 799 4617 regnum
812 4547 936 4616 elevatio,
989 4565 1063 4620 pere,
1080 4550 1126 4605 sed
1142 4550 1168 4604 in
1186 4551 1260 4619 regui
1275 4553 1392 4606 comitiis
1404 4551 1499 4623 clypeo
1512 4551 1652 4620 impositos
1667 4547 1783 4603 crebero

151 4620 289 4691 Stephano
300 4631 420 4683 auctore,
434 4633 467 4672 ari
482 4616 620 4672 Zocliaria.
637 4617 772 4684 srepliaoo
783 4626 872 4673 autem
887 4619 936 4672 triv
989 4630 1017 4676 et
1029 4624 1189 4676 acclamare.
1208 4622 1246 4675 Es
1262 4623 1357 4692 onibus
1380 4623 1516 4692 antilogiis
1538 4620 1600 4689 qnid
1616 4619 1683 4671 certi
1697 4631 1781 4685 sport-

148 4690 195 4747 bal
208 4707 260 4747 ¹¹⁰⁰
276 4705 354 4758 posse
368 4689 495 4754 ⁰S²e¹¹di¹=
508 4688 589 4757 duod.
605 4686 732 4741 defuncto
747 4685 878 4741 Zaeliaiia
891 4688 936 4742 die
990 4691 1047 4748 deri
1071 4695 1174 4759 potest?
1189 4693 1224 4746 lta
1239 4693 1351 4757 Natalis,
1364 4691 1498 4760 susilaiue
1512 4688 1600 4743 omnia
1615 4688 1783 4748 miscerent

149 4761 253 4819 decima
271 4763 361 4831 quinta
375 4759 472 4825 llartii,
485 4767 513 4812 ut
525 4758 606 4812 tradit
618 4757 783 4821 anastasios,
793 4756 937 4813 indictione
991 4762 1067 4816 riialae
1079 4776 1168 4832 cause
1178 4762 1308 4817 aduersus
1320 4763 1483 4830 potitiliciaiu
1494 4758 1681 4813 auctoritatem
1694 4756 1783 4811 inteli-

148 4829 243 4902 &aaa
267 4832 399 4888 indicatur
427 4844 513 4883 atinus
539 4825 638 4882 Clitisti
661 4825 724 4893 lii,
739 4842 833 4882 rursus
857 4827 936 4882 Fioeiii
991 4834 1057 4886 citer
1079 4833 1385 4900 patrocinatum-Ego
1410 4845 1475 4884 veno
1496 4837 1587 4882 eontra
1611 4827 1672 4881 dieo
1692 4827 1737 4881 riu
1757 4827 1784 4881 in

149 4902 270 4973 eiusdem
291 4901 393 4957 mensis
408 4900 560 4967 Stepliaaas
578 4897 610 4950 lll
627 4899 744 4967 potitiler
766 4897 937 4978 inauguratus
990 4904 1064 4957 orani
1080 4902 1191 4957 liistoria
1213 4901 1312 4957 lactum
1337 4913 1481 4954 occurrere
1496 4898 1539 4952 cui
1560 4897 1722 4953 stabilienda
1745 4906 1786 4952 tut

148 4981 204 5044 cist,
218 4973 263 5042 qui
278 4975 306 5028 iii
321 4970 461 5028 Fraiiciam
482 4984 534 5023 nan
558 4977 600 5023 est
615 4968 749 5037 proiectus
773 4968 824 5023 nisi
845 4983 938 5025 mense
991 4974 1152 5041 scriptoram
1166 4971 1233 5025 lidcs
1243 4979 1270 5024 et
1283 4969 1428 5024 auctoritas
1439 4975 1511 5022 tanta
1527 4969 1705 5024 consensione
1718 4982 1784 5023 eon-

148 5042 311 5108 liorembri,
328 5043 474 5097 indictione
489 5041 504 5093 't
520 5053 581 5109 qaae
594 5053 608 5091 a
623 5037 749 5093 Kalendis
772 5037 938 5108 Septembris
990 5043 1093 5112 spiret;
1110 5042 1226 5105 iactum,
1244 5040 1368 5109 inunum,
1383 5039 1451 5092 adeo
1474 5039 1669 5109 peruulgatura,
1693 5050 1722 5093 iit
1738 5055 1784 5107 per

148 5112 332 5178 inclinaverat,
345 5114 447 5168 scilicet
457 5124 527 5164 anno
537 5109 601 5173 753,
611 5124 671 5163 cuni
682 5109 737 5178 jain
749 5123 764 5163 a
775 5110 937 5175 sesquiamio
991 5113 1085 5168 eidem
1111 5111 1193 5165 ιιειιιιιι
1210 5120 1329 5178 tempora
1353 5109 1418 5163 illud
1433 5110 1540 5178 seriptis
1561 5112 1785 5179 consignaverint

149 5182 279 5254 Fippinus
293 5194 427 5253 regnaret.
450 5181 503 5236 Sed
517 5194 602 5248 nenne
614 5179 761 5244 Zacliarie,
775 5194 853 5248 quein
869 5183 939 5232 ilira-
991 5195 1018 5237 et
1042 5181 1147 5246 Franci,
1162 5189 1190 5235 et
1213 5180 1339 5233 Cerinini
1353 5222 1361 5246 ,
1377 5188 1403 5233 ct
1428 5179 1608 5248 Langobardi,
1622 5191 1649 5238 et
1673 5182 1785 5246 ltali„et

147 5257 248 5310 stasim
260 5260 429 5309 racatairum
440 5248 938 5317 mitissimum,atqueruaucm,omnipue
991 5252 1088 5310 Croci.
1105 5251 1160 5304 Non
1175 5256 1251 5306 vacat
1276 5251 1320 5304 liic
1344 5252 1436 5305 lectori
1462 5252 1495 5304 ail
1521 5252 1653 5306 biiaistasii
1681 5262 1783 5307 textrini

148 5323 263 5379 ienitate
276 5335 406 5389 ornatum,
421 5323 518 5392 auique
530 5330 672 5390 propterea
685 5321 794 5391 justitiae
809 5334 840 5374 ac
855 5319 938 5387 pieta·
992 5323 1144 5394 properanti
1169 5320 1314 5376 obtrudere
1338 5322 1468 5388 proliaain
1492 5323 1651 5376 citationum
1675 5320 1786 5387 taringi·

147 5394 185 5451 tls
199 5396 235 5451 ita
250 5397 337 5452 cultor
362 5392 460 5457 luerit,
476 5402 506 5446 ut
527 5391 664 5446 iiiiiorium
688 5392 894 5452 adolescentem,
911 5397 939 5444 et
992 5408 1065 5455 ricto,
1081 5404 1160 5460 quain
1171 5407 1203 5445 cs
1219 5393 1408 5448 collectoribus
1421 5395 1584 5461 sei-iptorum
1600 5408 1688 5446 rernm
1701 5391 1788 5445 Fran·

146 5465 195 5523 cui
208 5480 239 5523 se
254 5465 369 5537 probare
384 5464 502 5518 iioiidum
524 5476 570 5530 per
584 5474 691 5517 etatem
706 5463 835 5526 licuerat,
851 5460 939 5528 uitalis
991 5465 1108 5518 cicurum
1135 5470 1162 5516 et
1186 5462 1406 5519 Germanicarum
1433 5474 1524 5532 petere
1549 5471 1655 5533 potest,
1670 5462 1694 5516 si
1710 5460 1785 5516 velit.

146 5544 209 5593 erat
221 5536 400 5598 Cliildericus,
413 5548 543 5588 annorum
559 5534 602 5586 tir
616 5533 808 5602 diiuderiginti,
820 5547 852 5588 et
867 5529 938 5585 avito
993 5533 1064 5587 Datus
1079 5541 1180 5602 tautum
1196 5543 1321 5589 auctaires
1341 5537 1454 5589 recitare
1475 5535 1562 5604 iurat,
1574 5547 1690 5603 quorum
1706 5533 1786 5587 iriae·

148 5604 249 5662 tiiroaa
273 5621 322 5677 per
339 5608 398 5661 uim
414 5605 574 5668 deturbare,
589 5613 616 5657 et
631 5604 657 5657 iri
674 5602 864 5658 naonasteriuin
880 5611 938 5654 tru-
992 5601 1104 5675 gabitein
1131 5604 1209 5668 tidem
1225 5605 1331 5659 clerano
1354 5602 1488 5672 perlrietm
1503 5604 1600 5658 iroiitis
1622 5617 1669 5657 seu
1693 5603 1782 5671 potius

148 5677 297 5733 derceitra
312 5677 459 5731 masiiiiain
484 5673 607 5736 iiijniiam
630 5689 682 5728 aon
707 5674 845 5742 potuisset.
863 5671 940 5726 Addo
992 5673 1074 5728 emoti
1097 5674 1192 5738 anitius
1213 5686 1302 5740 esset;
1317 5675 1430 5729 alterurn
1447 5684 1535 5729 taruco
1549 5672 1686 5742 cointius,
1703 5688 1785 5744 quein

146 5749 288 5806 silentiam
308 5746 442 5804 Ariastnszi
458 5745 484 5799 in
501 5743 559 5798 llita
570 5742 706 5799 baeliariie
720 5756 803 5812 snper
815 5757 845 5797 re
859 5757 938 5811 ipram
993 5744 1082 5800 laudat
1097 5747 1256 5814 alexander,
1268 5746 1457 5816 interpolation
1481 5759 1619 5816 perperam
1643 5747 1783 5817 opinatur,
