3832 6114
151 312 201 370 itii

788 308 817 365 s.
838 282 1022 367 aieirins
1042 309 1142 367 aava

1724 302 1777 359 953

152 438 205 481 tarn
221 427 246 479 iu
261 425 345 480 serbo
359 438 438 492 quam
453 425 479 481 in
501 425 613 492 scripto,
630 422 717 477 omnia
732 420 858 493 liquidius
872 438 934 494 sng-
951 424 972 482 Α
987 432 1072 478 aotam
1085 432 1132 490 est,
1147 422 1283 478 rnotltrmo
1304 422 1336 476 sit
1349 418 1422 492 (Gal.
1434 420 1464 489 ι).
1480 418 1610 490 Regulam
1635 418 1776 475 ratbolirae

151 523 275 586 gerentes
290 515 473 583 innotuerunt,
486 515 521 569 dc
534 514 629 584 quibus
645 512 740 568 tamin
756 514 840 569 serbo
857 527 935 583 quam

152 605 291 675 inscripto
310 621 468 674 responsum
484 607 590 671 dantes,
605 610 658 661 tuae
673 606 826 661 remisimus
842 606 936 659 irater·

151 695 237 751 nitati.
258 694 436 751 Continebaut
450 697 523 750 enim
538 696 654 762 capitula
670 696 697 750 in
725 696 821 763 pitacio
844 695 878 748 ab
898 695 937 748 eis

149 794 284 855 porrecto,
304 800 363 855 qua
385 783 495 839 iniurius
510 798 618 838 annosa
633 791 704 847 suut,
725 782 759 837 de
780 783 876 852 quibus
891 780 936 835 da·

149 876 266 943 gitastia
283 869 361 928 nobis
382 889 442 941 quae
463 871 627 940 recipienda,
647 872 690 926 vel
702 885 762 936 quar
786 870 935 940 respuenda

151 975 223 1021 srrnt.
236 964 265 1020 ln
280 964 372 1036 primis
385 965 419 1019 de
439 963 603 1030 volatilibus,
620 961 646 1016 ld
667 971 708 1018 est
720 962 755 1017 de
768 963 895 1031 qraculis,
910 968 937 1016 ct

151 1056 304 1121 corniculsss,
316 1063 397 1124 atquc
411 1054 531 1120 ciconiis,
542 1068 603 1123 quae
617 1052 728 1108 omuino
738 1051 863 1107 carendae
874 1058 936 1106 sunt

150 1148 184 1201 ab
198 1160 244 1202 esu
254 1146 467 1202 Citristianorum
482 1144 581 1199 :etiam
595 1152 623 1199 et
636 1142 708 1210 libri,
723 1153 805 1212 atquc
819 1141 935 1211 lepores,

149 1245 177 1292 et
199 1237 259 1306 equi
282 1236 393 1292 silvatici
411 1234 625 1305 multoamplius
649 1234 776 1290 evitandi.
799 1232 934 1299 Attamen,

148 1325 316 1380 sanctissime
331 1324 425 1390 lrater,
440 1327 474 1380 de
487 1324 610 1380 omnibus
629 1324 776 1392 Scripturis
792 1326 875 1380 sacris
890 1325 936 1378 br-

148 1427 347 1488 necompertus
361 1431 401 1472 cs.
422 1417 536 1487 licique
555 1424 645 1473 autem
660 1416 779 1487 paschali
801 1417 872 1488 quorl
893 1418 932 1471 in·

147 1507 264 1578 qnisisti,
283 1523 298 1563 a
319 1509 418 1562 sanctis
433 1508 529 1576 priscis
544 1506 677 1573 Patribus,
693 1520 729 1561 es
751 1522 805 1577 quo
825 1522 871 1575 per
885 1506 934 1560 liri

147 1606 174 1653 et
195 1597 299 1652 Domini
316 1594 400 1652 nostri
421 1594 484 1649 lesu
507 1593 606 1649 Cirristi
631 1594 755 1663 qratiam,
772 1604 798 1649 ct
819 1595 935 1664 pretioso

147 1685 277 1753 sanquine
298 1683 356 1752 eius
380 1682 500 1739 Ecclesia
522 1682 646 1739 dedicata
667 1691 723 1748 est,
748 1684 839 1754 quinta
866 1682 931 1739 laria

148 1769 272 1837 Pascbrc,
301 1774 364 1826 dum
392 1785 497 1826 sacrum
522 1772 638 1826 chrisma
666 1783 849 1840 consecratur,
877 1781 932 1828 tres

150 1862 287 1929 lampades
310 1874 413 1931 magnae
434 1861 601 1929 capacitatis,
622 1874 655 1916 es
679 1861 792 1916 diversis
815 1864 934 1917 candelis

147 1952 272 2007 ecclesia
285 1950 346 2008 oleo
360 1952 485 2018 collecto,
498 1950 524 2006 in
537 1951 675 2007 secretiori
696 1951 815 2007 ecclesiae
829 1952 888 2008 loco
900 1952 933 2008 al

146 2040 256 2114 liguram
268 2041 402 2099 interioris
414 2040 578 2098 tabernaculi
587 2040 740 2109 insistente,
750 2040 934 2097 indellcientcr

145 2146 207 2187 cum
228 2130 312 2185 multa
326 2128 463 2200 diligentia
486 2129 627 2195 ardebunt,
650 2128 685 2183 ita
700 2137 730 2184 ut
743 2129 830 2184 oleum
846 2131 932 2201 ipsum

145 2218 268 2277 suldocre
282 2221 366 2291 possit
380 2235 467 2290 usque
489 2218 523 2275 ati
543 2219 653 2274 tertium
668 2218 754 2274 diem.
776 2219 814 2274 ils
836 2220 933 2289 quibus

144 2311 263 2369 cavvdclis
281 2310 394 2369 sabbato
409 2320 501 2368 sarvcto
521 2325 571 2381 pro
586 2310 655 2367 sacri
671 2309 752 2367 lontis
775 2310 932 2381 baptismate

146 2413 270 2475 sumptas
300 2403 369 2475 iqnis
402 2418 449 2473 per
481 2402 647 2460 sacerdotem
680 2401 861 2460 renovabitur.
893 2402 932 2459 lie

145 2496 278 2569 crystallis
289 2505 390 2562 avitum,
410 2502 440 2550 ut
456 2493 606 2559 asseruisti,
620 2493 721 2549 nuliam
736 2493 865 2549 babemus
877 2502 930 2549 tra-

143 2588 284 2643 ditionem.
306 2587 344 2643 ile
359 2586 400 2641 bis
422 2586 466 2656 qui
491 2586 566 2655 regio
585 2583 680 2639 morbo
693 2592 822 2638 vetantur
843 2583 931 2654 inqui·

143 2677 213 2742 sisti,
227 2680 285 2733 sive
298 2675 431 2743 botnines,
453 2676 510 2730 sive
532 2675 593 2745 equi
608 2673 671 2739 sint,
693 2671 757 2744 quid
780 2671 930 2729 iaciendum

143 2769 223 2827 sitde
236 2770 300 2826 iilis.
316 2769 344 2825 Sl
365 2768 488 2823 ltomines
512 2782 545 2823 et
566 2765 715 2831 nativitate,
744 2773 789 2820 aut
815 2780 928 2836 qeocre,

143 2862 223 2931 baius
246 2861 333 2917 morbi
357 2869 430 2928 suut,
456 2861 483 2916 ιιι
505 2868 580 2915 cstra
603 2858 737 2914 civitatem
760 2872 930 2913 commanere

143 2952 288 3020 debebunt,
304 2949 338 3007 ad
355 2951 553 3022 eleemosynam
575 2964 639 3005 reru
654 2947 837 3017 accipiendam
852 2964 866 3002 a
882 2962 930 3018 po·

143 3044 208 3115 pulo
222 3058 274 3100 noa
289 3041 414 3101 devitari.
431 3041 459 3098 st
476 3051 565 3096 autem
584 3039 726 3109 contigerit
740 3053 866 3110 magnum
887 3040 928 3094 vel

142 3149 254 3205 parvum
278 3147 331 3189 nou
353 3131 505 3197 nativitate,
526 3131 573 3186 sed
591 3128 795 3200 superveniente
818 3130 927 3199 agritu-

140 3225 204 3281 dine
217 3225 320 3290 tesan,
336 3237 389 3279 non
410 3232 451 3278 est
464 3221 654 3291 projiciendus,
677 3220 736 3287 seri,
758 3220 780 3275 ιι
803 3219 929 3291 possibile

142 3323 194 3383 est,
210 3312 355 3371 curandus.
368 3313 491 3369 Attamen
504 3311 530 3367 in
541 3311 665 3378 ccclesia,
679 3310 741 3367 dum
761 3311 794 3365 ad
811 3325 929 3366 comum·

140 3404 249 3463 nioucm
268 3403 383 3471 venerit,
409 3412 468 3469 post
488 3401 608 3457 omnium
628 3400 811 3471 impletionem
827 3398 928 3472 [rann

141 3490 349 3565 suppletionem]
359 3492 411 3548 crit
423 3493 592 3561 ingressurus
603 3491 635 3545 ati
649 3489 859 3559 participandum
872 3506 929 3545 rnu-

139 3602 202 3645 tttts.
217 3585 284 3655 Equi
309 3598 383 3648 sero,
405 3584 449 3653 qui
466 3582 576 3650 praelato
599 3581 692 3635 morbo
716 3579 817 3634 luerint
841 3578 928 3647 inqui-

142 3676 207 3739 nati,
232 3675 255 3729 si
280 3673 371 3730 curari
397 3688 450 3729 nou
477 3672 620 3735 valuerint,
645 3671 672 3724 in
698 3669 785 3738 puteis
801 3680 828 3724 et
844 3669 927 3726 loreis

139 3767 298 3839 projiciendi
318 3775 391 3831 ιιιιιι,
406 3781 439 3821 ne
456 3763 578 3834 ejusdem
593 3762 680 3817 morbi
701 3763 861 3833 contagione
873 3775 927 3816 cae·

139 3860 189 3916 teri
214 3857 431 3928 coinquinentur.
462 3855 499 3909 lie
528 3852 690 3909 animalibus
716 3860 804 3907 autem
829 3866 888 3921 que
912 3864 927 3905 a

139 3948 303 4016 lureotlbus,
323 3947 350 4002 id
374 3957 417 4003 cst
438 3945 550 4010 rabidis,
572 3945 642 4015 iupis
654 3952 682 3999 et
700 3943 813 3999 canibus
832 3943 929 3998 luerint

138 4041 266 4104 lacerata,
281 4047 388 4109 oportet
403 4052 435 4092 ea
451 4037 584 4092 aratoris
609 4035 740 4104 separari,
764 4049 799 4089 ue
824 4049 871 4102 per
886 4034 928 4088 lu-

138 4143 228 4188 rcates
242 4140 270 4186 ct
285 4129 439 4185 mordentes
457 4137 555 4182 caetera
572 4127 789 4195 coinquinentur.
805 4125 883 4194 Quod
904 4127 926 4181 si

137 4237 220 4292 pauca
234 4232 308 4289 snm,
324 4232 353 4279 ut
366 4236 445 4291 supra
465 4219 593 4283 diximus,
606 4220 633 4275 ιιι
657 4219 748 4275 loreas
761 4218 927 4289 projicienda

136 4320 209 4365 sunt.
225 4310 291 4365 bam
312 4319 341 4363 et
357 4310 408 4364 boc
421 4308 558 4375 inquisivit
571 4308 727 4362 lraternitas
742 4317 796 4374 tua,
810 4309 833 4362 si
849 4308 928 4364 liceat

988 514 1137 570 traditionis
1155 512 1310 580 suscepisti,
1327 510 1408 566 irater
1421 512 1618 575 amantissime3
1631 511 1672 564 sic
1685 510 1774 563 omui·

987 602 1037 656 bus
1048 600 1174 671 praedica,
1185 613 1332 668 omnesque
1340 597 1418 661 doce,
1431 597 1500 653 sicut
1510 611 1526 652 a
1535 611 1627 652 sancta
1640 596 1773 662 Romana,
1783 617 1818 636 .-

987 693 1029 746 cui
1056 691 1111 745 ileo
1136 699 1246 747 auctore
1268 689 1455 755 deservimus,
1475 689 1608 760 ‚accepisti
1638 688 1770 745 Ecclesia.

987 780 1119 849 luquisisti
1132 781 1211 836 ctiam
1226 788 1253 836 ct
1272 780 1333 847 boc,
1350 781 1372 836 si
1398 788 1461 836 aute
1482 780 1647 837 tricesimum
1672 795 1772 837 annnam

987 868 1065 924 liceat
1075 869 1239 926 sacerdotem
1254 869 1383 925 ordinari.
1395 870 1498 925 Bonum
1514 878 1542 926 et
1554 884 1705 941 congruum
1720 878 1772 937 est,

986 959 1144 1015 clarissime
1158 959 1249 1027 irater,
1265 960 1288 1014 si
1305 959 1361 1015 lieri
1377 966 1405 1015 el
1424 958 1538 1015 inveniri
1553 969 1651 1030 potest,
1667 968 1698 1014 ut
1712 974 1775 1029 pro-

987 1059 1071 1105 vectae
1083 1049 1169 1105 aetatis
1189 1056 1217 1104 et
1232 1048 1294 1107 boni
1309 1047 1455 1105 testimonii
1467 1048 1528 1117 riri,
1542 1048 1619 1119 iusta
1634 1062 1774 1104 sacrorum

986 1152 1117 1193 canonum
1133 1136 1265 1206 instituta,
1279 1137 1440 1192 ordinentur
1454 1136 1618 1193 sacerdotes.
1638 1136 1668 1196 Si
1680 1144 1775 1193 autera

987 1226 1096 1282 minime
1110 1224 1289 1296 reperiuntur,
1305 1235 1333 1282 et
1347 1225 1494 1283 necessitas
1506 1228 1663 1297 esposuit,a
1679 1226 1776 1299 viginti

986 1316 1103 1385 quinque
1116 1317 1193 1371 annis
1204 1325 1231 1372 et
1245 1329 1324 1385 supra
1339 1316 1427 1371 levitae
1439 1325 1467 1372 et
1480 1316 1633 1373 sacerdotes
1644 1316 1775 1373 ordinen-

988 1419 1040 1476 tur,
1055 1408 1276 1480 quemadmodum
1298 1408 1325 1462 iu
1350 1407 1409 1477 lege
1423 1407 1527 1463 bomini
1551 1409 1716 1465 continetur.
1734 1408 1773 1464 ils

987 1500 1082 1557 llilone
1094 1508 1107 1539 ⁸
1121 1509 1218 1566 autem,
1242 1511 1270 1555 et
1286 1498 1417 1554 similibus
1429 1498 1570 1568 eiusmodi,
1584 1500 1629 1569 qui
1644 1499 1776 1558 ecclesiis

987 1591 1033 1646 bei
1055 1589 1198 1660 plurimum
1220 1596 1328 1653 nocent,
1340 1598 1370 1644 ut
1387 1602 1402 1644 a
1423 1589 1469 1645 tali
1482 1601 1565 1658 opere
1577 1587 1775 1647 nelarierecs·

986 1682 1059 1747 dant,
1083 1679 1157 1749 iusta
1180 1678 1299 1745 snmntt
1317 1692 1421 1748 rocem,
1438 1687 1597 1750 opportune,
1612 1680 1776 1752 importsrte,

985 1772 1097 1845 predico
1111 1768 1153 1843 (tt
1171 1770 1238 1827 Tim.
1252 1772 1305 1844 ιιι).
1328 1772 1357 1829 st
1378 1772 1558 1842 acquieverint
1579 1772 1773 1829 admonitioni·

985 1860 1034 1918 bus
1045 1863 1107 1930 tuis,
1123 1862 1263 1918 salvabunt
1276 1863 1378 1919 animas
1398 1878 1479 1931 suas;
1494 1863 1535 1919 sin
1550 1878 1625 1933 vcro,
1641 1864 1691 1933 ipsi
1708 1878 1775 1934 per·

985 1952 1062 2009 ibunt
1076 1952 1195 2010 obrolutl
1210 1954 1237 2009 io
1252 1955 1367 2023 peccatis
1381 1954 1453 2020 suis;
1469 1962 1496 2010 tu
1510 1961 1611 2021 auem,
1627 1954 1673 2025 qui
1696 1964 1776 2010 recte

984 2043 1125 2114 praedicas,
1141 2058 1194 2099 nou
1215 2045 1310 2114 perdes
1324 2043 1475 2100 mercedem
1491 2051 1574 2099 tuam.
1596 2042 1663 2099 iiam
1676 2052 1706 2099 et
1721 2043 1776 2100 boe

985 2134 1129 2204 inquisisti,
1143 2144 1204 2205 post
1214 2141 1341 2204 quantum
1356 2135 1485 2203 temporis
1500 2134 1580 2192 debet
1601 2133 1711 2191 lardum
1725 2148 1776 2191 co·

985 2224 1065 2280 medi.
1080 2223 1162 2281 Nobis
1174 2238 1188 2279 a
1201 2224 1322 2282 Patribus
1333 2228 1505 2283 constitutum
1520 2239 1571 2297 pro
1581 2225 1635 2281 boe
1649 2239 1704 2281 nou
1718 2235 1774 2283 est.

983 2312 1042 2369 Tibi
1060 2322 1149 2371 autem
1173 2315 1271 2386 petenti
1291 2314 1430 2371 consilium
1444 2315 1604 2384 prebemus,
1620 2314 1693 2386 quod
1719 2328 1776 2371 non

983 2411 1105 2474 oporteat
1129 2405 1194 2462 illud
1209 2405 1298 2460 mandi
1312 2405 1468 2477 priusquam
1482 2403 1557 2461 lutuo
1582 2405 1712 2468 siccetur,
1727 2410 1776 2459 ant

985 2492 1046 2565 igno
1058 2504 1198 2566 coquatur.
1212 2494 1242 2551 st
1257 2510 1321 2551 vcro
1337 2496 1402 2552 libet
1421 2500 1450 2552 ιιι
1468 2497 1601 2552 incoctum
1625 2494 1775 2549 manduce·

984 2594 1036 2653 tur,
1051 2598 1109 2657 post
1124 2587 1276 2655 pascbalcm
1292 2587 1461 2645 festivitatem
1475 2586 1526 2643 crit
1539 2584 1774 2642 manducandum.

982 2676 1132 2748 Episcopus
1153 2688 1241 2733 autem
1263 2678 1472 2741 condemnatus,
1495 2677 1530 2733 do
1552 2691 1604 2748 quo
1617 2674 1773 2746 inquisisti,

981 2768 1026 2839 qui
1041 2777 1170 2838 pugnator
1179 2778 1206 2825 et
1220 2767 1365 2825 tornicator
1373 2767 1473 2836 existit,
1488 2777 1568 2838 atque
1580 2780 1625 2822 res
1636 2764 1774 2821 Ecclesia

983 2869 1043 2930 post
1053 2859 1269 2931 degradationem
1280 2861 1332 2915 sibi
1341 2860 1475 2916 vindicare
1487 2860 1588 2926 nititur,
1600 2858 1645 2914 bic
1654 2857 1774 2913 omnino

982 2964 1014 3005 ac
1027 2950 1222 3007 detestabiliter
1247 2950 1413 3021 respuendus
1435 2960 1476 3006 est
1492 2951 1572 3018 :ona
1587 2949 1654 3004 suist
1675 2948 1770 3018 portio

983 3040 1054 3109 lideli
1066 3057 1124 3094 csta
1136 3040 1257 3111 infideli?
1275 3050 1319 3095 sot
1334 3055 1391 3112 qsoe
1407 3041 1547 3095 communie
1559 3037 1652 3093 (ιιιιιιι
1666 3038 1701 3089 ud
1716 3034 1774 3091 tse-

982 3130 1027 3185 liot
1042 3127 1086 3203 (tl
1097 3128 1157 3185 cor.
1170 3131 1233 3203 avii
1246 3130 1322 3186 ilunc
1342 3139 1369 3185 et
1384 3139 1536 3186 sanctorum
1554 3127 1662 3184 Patruto
1683 3126 1775 3181 tradi·

981 3222 1067 3277 tiones
1082 3230 1108 3276 et
1130 3231 1283 3277 sanctorum
1310 3236 1443 3276 canonum
1466 3220 1585 3275 instituta
1602 3217 1776 3274 condemna-

979 3322 1085 3369 verunt.
1101 3312 1139 3368 iic
1152 3312 1322 3369 ordinatione
1337 3314 1417 3367 etiarn
1434 3310 1652 3383 presbyterorum
1667 3316 1695 3364 et
1709 3306 1774 3363 dia·

979 3417 1118 3471 cononum,
1134 3412 1246 3472 eoqeute
1267 3402 1430 3458 necessitate
1444 3410 1472 3457 et
1489 3405 1647 3472 paupertate
1670 3412 1773 3469 rogan·

980 3496 1045 3552 tium
1061 3513 1116 3551 non
1131 3495 1257 3567 legitimis
1272 3495 1437 3564 temporibus
1459 3502 1486 3549 et
1499 3491 1594 3547 dicbus
1615 3506 1630 3545 a
1653 3494 1680 3543 te
1703 3502 1773 3557 pro·

980 3586 1092 3653 moveri,
1102 3595 1127 3641 te
1137 3586 1311 3641 ollensionem
1327 3584 1473 3640 iucurrisse
1487 3580 1637 3638 insinuasti.
1644 3576 1770 3636 manas

979 3687 1067 3733 autem
1082 3676 1142 3743 tibi,
1155 3678 1248 3743 irater,
1263 3685 1291 3733 ut
1305 3675 1374 3732 bene
1387 3676 1466 3741 nosti,
1483 3673 1554 3746 quod
1564 3671 1635 3728 sacri
1647 3682 1769 3726 meones

979 3771 1076 3826 docent
1090 3769 1160 3841 aptis
1175 3769 1341 3839 temporibus
1359 3767 1517 3824 sacerdotes
1529 3760 1708 3821 ordinandos.
1721 3762 1774 3817 at·

980 3874 1067 3919 minen
1083 3863 1108 3919 iu
1122 3878 1155 3919 co
1169 3861 1240 3932 quod
1252 3877 1267 3916 a
1279 3868 1306 3917 te
1318 3869 1426 3931 propter
1439 3860 1524 3914 selum
1537 3856 1598 3912 lldci
1609 3862 1702 3910 actum
1714 3860 1769 3917 est,

978 3955 1120 4011 abonrino
1143 3954 1199 4009 ilco
1220 3960 1314 4007 nostro
1328 3950 1521 4021 indulgentiam
1536 3946 1717 4019 postulamus.
1734 3942 1774 3999 ile

979 4060 1061 4101 censu
1077 4056 1165 4101 autem
1181 4041 1373 4107 Ecclesiarum,
1397 4042 1479 4097 idest
1498 4040 1613 4095 solidum
1628 4036 1664 4092 dc
1677 4042 1774 4090 casata

978 4136 1085 4205 suscipe
1103 4144 1130 4190 et
1143 4134 1242 4188 nullam
1265 4132 1365 4187 babeas
1386 4130 1592 4194 limitationem,
1609 4128 1675 4184 dum
1689 4142 1725 4181 cs
1739 4138 1774 4181 ro

980 4229 1078 4299 poteris
1090 4225 1286 4295 eleemosynam
1301 4222 1429 4289 tribuere,
1444 4236 1476 4277 ac
1497 4220 1525 4277 iu
1538 4218 1639 4275 Cbrlsti
1667 4230 1770 4287 paupe·

979 4335 1023 4376 res
1038 4317 1139 4388 partiri,
1152 4327 1180 4373 et
1193 4331 1259 4387 opus
1274 4316 1405 4386 perficere
1418 4323 1569 4369 sanctarum
1582 4310 1771 4367 Ecclesiarttttt

136 4401 385 4457 sanctimonialibus
402 4399 520 4465 lutrinis,
535 4398 762 4470 quemadmodum
782 4401 858 4469 viris,
875 4401 925 4457 sibi
940 4411 1053 4481 „jann
1074 4423 1206 4463 canonum
1232 4406 1362 4461 instituta.
1378 4404 1407 4461 si
1422 4419 1489 4475 quos
1499 4417 1568 4458 ‘vero
1581 4400 1774 4472 presbyteros,

139 4494 256 4550 invicem
270 4493 351 4562 pedes
365 4491 487 4557 abluero,
503 4499 557 4546 tam
571 4491 597 4547 ιιι
610 4505 687 4546 coeua
700 4491 817 4559 bomini,
833 4507 928 4562 quam-

135 4600 188 4653 que
202 4585 229 4640 in
241 4584 301 4641 aliis
314 4584 421 4640 diebus.
437 4583 493 4639 iloc
508 4582 673 4639 dominicum
689 4591 853 4652 preceptum
874 4594 928 4653 est,

135 4676 207 4744 quod
231 4676 275 4745 qul
301 4690 349 4743 per
371 4674 451 4731 ildcrn
466 4673 628 4744 impleverit,
645 4672 754 4730 babebit
768 4689 801 4732 es
816 4688 850 4731 eo
865 4675 924 4731 ian·

135 4769 207 4825 dean.
225 4768 329 4827 Etsrviut
343 4769 393 4826 viri
406 4775 434 4825 ot
447 4767 573 4823 mulieres
587 4781 670 4822 unum
686 4766 831 4822 bominum
847 4765 929 4845 babe-¹

135 4874 196 4915 urus
209 4859 254 4929 qui
273 4861 301 4917 ιιι
325 4860 403 4917 cotis
424 4868 477 4917 est.
502 4859 554 4915 i‘ro
580 4858 815 4915 benedictionibus
837 4867 928 4929 autem

135 4963 203 5018 quas
217 4948 315 5005 iaciunt
329 4949 412 5015 Galli,
433 4958 462 5004 ιιι
476 4949 559 5017 nosti,
576 4950 669 5014 irater,
686 4947 777 5003 multis
790 4947 864 5005 vitiis
881 4963 928 5002 va·

135 5043 248 5098 riantur.
264 5042 330 5098 llam
351 5058 405 5099 noa
423 5056 457 5097 aa
472 5040 616 5110 apostolica
640 5040 785 5096 traditione
808 5039 860 5097 boc
885 5038 927 5095 ia·

136 5134 222 5201 ciunt,
235 5135 283 5190 sed
304 5149 352 5204 por
367 5147 464 5191 ranam
484 5133 596 5203 pluriam
622 5132 673 5186 ltoc
696 5140 853 5202 operantur,
875 5130 927 5189 sibi

136 5224 203 5294 ipsis
224 5224 422 5281 damnationem
443 5222 602 5278 aditibentes
625 5222 687 5277 dum
712 5223 922 5290 scriptumest:

137 5316 168 5374 st
182 5317 239 5387 quis
251 5317 319 5372 cobis
331 5313 541 5385 stanpeiisovrrt't
560 5322 653 5382 prater
665 5314 693 5368 id
706 5314 774 5384 quad
793 5315 924 5385 etoaqelt'·

171 5469 186 5499 ι
199 5466 262 5523 lilio
273 5467 297 5520 is
310 5473 353 5521 est
365 5462 419 5530 cui,
431 5464 507 5530 pulso
517 5472 611 5521 sancto
623 5462 778 5531 liipoberto,
787 5464 925 5531 episcopa·

134 5546 193 5592 turn
209 5538 389 5593 ittiemensem
403 5545 575 5591 curtersserat
585 5534 736 5590 blancollus.
745 5534 925 5597 flodoardus,

130 5607 183 5661 tib.
199 5619 237 5668 stt,
259 5623 319 5671 rap.
341 5606 503 5661 itliorslrts
525 5605 689 5673 liiqobertum
711 5605 862 5672 episcopatu
880 5606 925 5661 dr·

137 5677 256 5744 turbarit,
271 5686 294 5731 et
314 5678 415 5731 cuidam
438 5675 528 5731 Miloni
551 5676 606 5731 toln
629 5686 735 5729 turtturn
757 5673 860 5743 clerice,
882 5676 926 5745 qui

979 4500 1023 4571 qui
1036 4500 1070 4555 de
1083 4501 1156 4555 laicis
1177 4499 1290 4567 promati
1315 4497 1423 4564 luerint,
1438 4504 1466 4552 ct
1488 4503 1566 4550 antea
1580 4492 1774 4548 criminalibus

978 4590 1067 4647 causis
1090 4588 1220 4654 obvoluti,
1245 4589 1364 4643 celantes
1389 4594 1525 4657 peccatum
1548 4598 1628 4640 suum
1651 4582 1775 4639 ordinati

978 4687 1052 4744 sunt,
1065 4680 1233 4749 postmodum
1249 4692 1315 4734 reno
1327 4678 1495 4733 manifestata
1508 4684 1549 4729 est
1562 4687 1659 4730 corum
1674 4672 1773 4745 ioiqsa

978 4770 1068 4837 actio;
1094 4768 1151 4835 bos
1167 4766 1326 4825 sacerdotali
1350 4765 1443 4821 babitu
1458 4764 1575 4836 privatos
1599 4763 1775 4843 poeniteutiae

978 4862 1115 4917 submitte.
1128 4861 1185 4916 lion
1200 4861 1271 4916 enim
1285 4858 1343 4914 odit
1356 4858 1426 4914 Deus
1449 4864 1605 4927 peccantem
1628 4864 1657 4910 st
1677 4854 1773 4929 corid-

979 4960 1091 5020 tentem,
1104 4950 1151 5007 scd
1166 4957 1320 5019 peccantem
1341 4955 1370 5003 et
1391 4956 1546 5016 negantem.
1570 4944 1638 5000 iiam
1663 4954 1694 4998 ct
1723 4944 1776 5001 boc

979 5040 1102 5112 flagitasti
1115 5039 1228 5106 anobis,
1240 5037 1263 5092 si
1278 5036 1356 5093 liceat
1370 5035 1581 5107 persecutionem
1597 5048 1773 5105 paganorum

979 5132 1083 5203 lugere,
1100 5147 1133 5186 aa
1155 5146 1218 5187 nun.
1239 5128 1272 5184 lit
1287 5145 1335 5201 pro
1349 5129 1411 5195 boc,
1425 5124 1520 5192 irater,
1534 5125 1654 5180 salutare
1677 5124 1776 5179 covasi-

978 5225 1044 5280 lium
1058 5224 1162 5279 damus.
1174 5221 1271 5278 silleri
1286 5229 1382 5289 protest,
1396 5227 1424 5275 ct
1433 5216 1523 5274 locum
1537 5214 1687 5281 inveneris,
1700 5214 1774 5269 iusta

978 5315 1010 5369 ad
1024 5314 1223 5386 praedicandum
1239 5311 1294 5368 illis
1310 5329 1316 5366 ι
1331 5312 1353 5366 ιι
1368 5320 1457 5366 autem
1473 5318 1631 5379 supportare
1647 5321 1704 5362 nou
1721 5322 1770 5363 ra·

978 5491 1063 5532 secum
1077 5482 1233 5546 processerat
1248 5472 1282 5527 od
1301 5470 1404 5535 bellum,
1420 5468 1490 5525 dedit
1509 5467 1701 5539 episcopatum.
1728 5464 1770 5520 lic

978 5547 1072 5601 rodem
1094 5544 1190 5602 illone
1204 5545 1300 5599 iterum
1311 5556 1393 5615 aperus
1406 5538 1526 5604 insanas,
1537 5550 1595 5591 tvaer
1607 5539 1665 5605 ipsa
1679 5537 1769 5594 etiam

979 5616 1116 5673 'daclraritc
1129 5615 1209 5671 verba
1224 5622 1426 5672 commemorat.
1438 5610 1566 5669 Srsttosu-
